5375 6359
906 1115 971 1177 214
1166 1129 1335 1178 mrsromn
1358 1073 1540 1178 connum·
1557 1120 1741 1176 emnil

740 1332 861 1384 nemina·
908 1316 1064 1400 pontifici,
1080 1317 1184 1381 irater
1199 1316 1412 1401 J[ohannes],
1437 1315 1655 1402 permissione
1678 1312 1810 1390 divim,
1832 1314 1906 1388 ete,
1927 1328 1977 1374 s·

741 1400 888 1517 fflssh‘
907 1418 1019 1483 cerdos
1057 1419 1201 1495 humilis,
1240 1441 1316 1486 cum
1355 1418 1451 1484 filiali
1490 1417 1682 1484 reverentia
1706 1414 1837 1502 pedum
1867 1411 1977 1478 oscnls

741 1532 819 1606 ochis
909 1520 1088 1585 lentorum.
1120 1523 1317 1588 sanctitatis
1342 1531 1463 1587 vestrae
1485 1527 1678 1606 susceptam
1704 1517 1889 1605 epistolam
1911 1515 1975 1600 legi

742 1614 868 1725 *wrm
911 1635 1095 1688 reverenter
1143 1627 1269 1710 pariter
1306 1630 1341 1689 et
1379 1624 1542 1701 laetanter,
1566 1621 1761 1708 supplicans
1799 1618 1975 1684 altissimo

742 1679 778 1793 X
790 1717 807 1794 ι’
820 1681 886 1795 pah.
908 1722 1001 1786 flexis
1024 1723 1163 1808 genibus
1179 1726 1287 1791 cordis
1310 1727 1386 1805 mei,
1411 1733 1451 1790 ut
1473 1725 1518 1790 ad
1550 1722 1795 1790 relevationem
1820 1719 1975 1786 aumas

909 1824 945 1886 in
966 1824 1114 1909 partibus
1146 1827 1213 1889 suis
1237 1826 1389 1912 plurimis
1412 1825 1567 1902 eeclesiae,
1583 1831 1619 1890 et
1642 1822 1784 1889 tentorii
1807 1823 1863 1888 sni
1884 1821 1975 1886 funi-

909 1926 997 1991 culos
1021 1927 1215 2003 dilatandos,
1238 1931 1408 1994 aeternitas
1432 1929 1499 2005 illa
1530 1948 1554 1994 a
1586 1949 1654 2013 qus
1685 1926 1802 1991 fluunt
1833 1944 1909 1991 επ
1939 1929 1972 1988 et

909 2033 1063 2113 tempora
1088 2030 1287 2116 multiplicet
1310 2032 1405 2095 vobis
1427 2052 1542 2096 annos.
1588 2029 1661 2116 ligo
1684 2029 1786 2104 enim,
1808 2027 1871 2113 qni
1893 2046 1973 2112 quo·

909 2129 1012 2194 tidic¹
1037 2133 1201 2217 conspicio
1225 2133 1353 2198 effundi
1376 2134 1576 2219 sanguinem
1604 2131 1722 2197 Sancti
1744 2130 1896 2206 Thomae,
1918 2127 1971 2193 vel

909 2230 1048 2295 effusum
1076 2235 1185 2318 potius
1208 2235 1401 2310 conculcari,
1428 2236 1465 2297 in
1496 2233 1619 2300 coelnm
1641 2253 1754 2298 amare
1781 2231 1972 2318 suspiciens,

908 2334 1040 2417 superni
1073 2347 1237 2421 respectus
1270 2337 1480 2402 clementiam
1512 2336 1549 2400 in
1582 2336 1709 2402 clerum
1741 2341 1778 2400 et
1811 2331 1973 2420 populum

909 2434 1127 2519 Anglicanum
1151 2439 1306 2515 nondum,
1330 2446 1369 2503 ut
1392 2435 1562 2515 desideroi,
1597 2439 1705 2502 merui
1739 2436 1898 2523 experiri,
1923 2456 1974 2499 m·

908 2537 1091 2622 criticisque
1151 2539 1272 2604 clibani
1311 2548 1345 2605 ct
1393 2541 1571 2626 sartaginis
1613 2541 1767 2605 intentus
1814 2539 1972 2605 continue

909 2639 1082 2704 offerendo.
1126 2641 1300 2726 Reputabo
1336 2665 1387 2707 me
1423 2643 1552 2708 felicem
1580 2643 1734 2718 existere,
1765 2641 1889 2706 simei
1920 2640 1971 2704 in·

907 2742 1086 2808 felicissimi
1118 2746 1333 2822 sacerdotum,
1367 2746 1468 2811 semel
1511 2746 1698 2833 dignemini
1744 2744 1871 2810 habere
1903 2765 1972 2809 ma-

908 2846 1044 2911 moriam
1059 2868 1167 2912 coram
1193 2846 1274 2923 Deo,
1302 2849 1407 2914 donec
1422 2848 1558 2913 tandem
1582 2854 1680 2915 vacet
1701 2846 1801 2912 vobis
1815 2847 1970 2912 dextram

906 2968 1068 3032 apponere
1092 2949 1288 3014 ferientibus
1310 2950 1389 3013 filiis
1411 2950 1537 3026 alienis,
1553 2950 1613 3035 qui
1635 2970 1742 3035 usqne
1763 2950 1802 3013 in
1823 2969 1970 3036 prmens

907 3071 974 3114 non
997 3059 1125 3116 cessant
1149 3052 1381 3138 praenominati
1405 3053 1513 3118 sancti
1535 3073 1614 3143 eum
1644 3051 1862 3118 incrementis
1887 3073 1969 3137 quo·

907 3152 1044 3218 tilianae
1068 3154 1203 3219 malitiae
1230 3154 1401 3219 cerebrum
1427 3153 1601 3218 terebrare.
1649 3153 1829 3220 Custodiat
1851 3153 1968 3219 Domi·

906 3277 969 3319 nus
992 3255 1251 3322 incolumitatem
1283 3263 1436 3333 vestram,
1459 3261 1555 3341 pater
1583 3256 1800 3334 sanctissime,
1823 3255 1970 3323 eoelesiae

907 3379 973 3423 suar
996 3379 1055 3444 per
1076 3365 1225 3444 tempora
1247 3357 1405 3444 longiora.
1445 3356 1615 3443 Scriptum
1639 3358 1686 3442 iij.
1710 3379 1787 3424 non
1813 3359 1902 3446 Aug.

1338 3603 1521 3669 CLXXXI.

1134 3759 1183 3824 To
1207 3777 1275 3825 rm:
1298 3762 1417 3826 Anuor
1440 3779 1485 3827 or
1508 3763 1561 3829 Sr.
1585 3763 1747 3830 Aisas's

782 3889 853 3936 ¹²⁸¹·
952 3903 1050 3966 Anno
1087 3900 1199 3964 codem
1234 3901 1351 3983 [1281]
1389 3902 1477 3987 apud
1517 3900 1763 3987 Suthmalling’,
1802 3902 1849 3967 iii.
1889 3903 1964 3968 idus

737 3955 872 4096 „iiiiii
906 4004 1059 4090 Augusti,
1099 4004 1269 4068 emanavit
1308 4003 1404 4067 litera
1442 4004 1505 4067 sub
1543 4004 1605 4069 hae
1643 4004 1964 4070 sermm—Frater

737 4112 829 4162 l¹l¹¹¹²0
905 4111 1111 4199 J[ol1anncs],
1128 4117 1195 4187 otc,
1225 4110 1420 4174 veneranda
1444 4109 1611 4194 religionis
1627 4111 1715 4195 patri
1755 4161 1762 4173 .
1809 4162 1816 4176 .
1847 4111 1962 4176 abbati

735 4179 859 4298 mciii
906 4216 1019 4283 Sancti
1052 4214 1182 4289 Albani,
1206 4214 1401 4277 salutemet
1424 4212 1583 4277 sinceram
1607 4214 1643 4275 in
1674 4212 1819 4277 Domino
1842 4214 1962 4279 carita-

737 4314 875 4363 incanae
904 4329 980 4388 tem.
1028 4317 1283 4403 Exomptionum
1325 4316 1485 4391 audacias,
1519 4313 1769 4399 privilegiorum
1800 4335 1962 4392 excessus,

735 4383 848 4497 iliiwdii
904 4431 939 4489 et
961 4421 1244 4488 conservationum
1269 4419 1400 4494 abusus,
1432 4417 1562 4482 assidue
1595 4416 1790 4501 experimur,
1823 4423 1858 4481 et
1888 4439 1962 4503 spe·

737 4511 849 4629 imppp:
904 4547 1016 4592 ramus
1055 4523 1142 4610 quod
1175 4522 1236 4586 lllc
1275 4522 1332 4607 qui
1371 4519 1540 4585 ecclesiam
1573 4540 1666 4583 suam
1705 4540 1765 4583 suo
1798 4520 1962 4606 sanguine

736 4598 797 4697 iii.
808 4655 835 4695 at
904 4628 1051 4693 noscitur
1066 4626 1247 4701 redemisse,
1258 4622 1438 4687 remedium
1454 4621 1616 4687 sufficiens
1632 4621 1689 4685 diu
1706 4641 1773 4686 non
1784 4620 1960 4687 subt1ahet

737 4717 809 4766 Μ’
905 4733 940 4796 in
964 4731 1121 4795 futurum.
1168 4728 1217 4791 De
1251 4727 1344 4791 vobis
1382 4732 1495 4791 autem
1529 4724 1642 4787 mirari
1676 4745 1737 4788 nos
1776 4743 1835 4808 pro
1867 4731 1959 4789 certo

735 4779 892 4844 borough,lo
1156 4831 1163 4844 ,
1511 4826 1517 4839 ,
1685 4826 1692 4838 ,
1854 4824 1887 4839 ‚‚
1932 4826 1939 4839 ,

736 4849 848 4911 theprc-
905 4833 1073 4908 noveritis,
1110 4853 1166 4915 qur
1199 4828 1409 4894 credebamus
1442 4826 1613 4891 vobiscum
1646 4825 1746 4890 sursse
1781 4824 1956 4891 famlharr-

1317 4993 1334 5000 .-
1355 4994 1383 4999 --.
1398 4994 1500 5000 -.-..,
1516 4993 1555 4999 ..,.-
1600 4994 1630 4997 -
1656 4993 1662 4997 -
1686 4993 1698 4998 -.
1712 4992 1954 5001 ...--.--—-—.

938 5087 944 5119 ¹
958 5083 1082 5152 amidis]
1097 5079 1217 5140 concutio,
1230 5080 1262 5130 Λ.
1421 5078 1427 5144 Ι
1474 5078 1622 5145 '²dccr'dcro]
1638 5078 1768 5142 desiderio,
1781 5080 1811 5129 B.
