5375 6359
893 1056 936 1119 lo
1169 1071 1301 1122 irruam
1323 1071 1472 1123 romnus
1495 1074 1673 1125 ancum

1339 1347 1506 1414 XXXIII.

1203 1506 1253 1571 Το
1276 1506 1458 1571 Hrennrue
1481 1506 1623 1572 Paroar.

767 1657 838 1704 1279.
935 1636 1053 1701 Frater
1076 1636 1286 1721 [Iohannes],
1318 1638 1532 1722 permissione
1555 1637 1673 1702 divina
1696 1638 1951 1707 cantuariensis

753 1722 850 1787 ΜΨ
891 1739 1032 1805 eeclesiae
1066 1739 1219 1804 minister
1250 1738 1394 1817 humilis,
1429 1741 1531 1804 totius
1564 1740 1696 1825 Angliaa
1729 1744 1863 1826 primas,
1898 1766 1950 1809 re·

723 1813 861 1929 issstlffoeto
890 1841 1015 1928 ligiosis
1038 1841 1119 1904 viris
1152 1842 1253 1927 priori
1277 1845 1311 1905 et
1334 1842 1513 1906 conventui
1545 1840 1586 1906 de
1621 1841 1835 1930 Hykelingg’‚
1860 1845 1951 1911 Nor.

725 1944 849 2021 Μοθω-
889 1945 1052 2031 wycensis
1074 1944 1232 2020 dioecesis,
1256 1943 1408 2021 salutem,
1430 1944 1572 2030 gratiam
1607 1950 1641 2009 et
1673 1945 1949 2014 benedictionem.

726 2012 849 2127 ‘illidi
889 2047 1056 2139 Exposuit
1077 2046 1173 2111 nobis
1194 2045 1385 2111 Alexander
1417 2047 1457 2110 de
1482 2047 1695 2122 Gernemuta,
1719 2048 1866 2125 clericus,
1890 2060 1958 2116 ex·‘

725 2143 877 2275 333⁰&ss
888 2148 1015 2214 bibitor
1051 2148 1272 2234 praesentium,
1308 2146 1397 2233 quod
1436 2169 1637 2233 quamquam
1676 2150 1780 2235 ipsius
1819 2152 1948 2239 obliga—

724 2278 845 2326 resarcto
888 2251 1013 2316 tionem
1050 2272 1149 2335 super
1194 2250 1410 2335 ingrediendo
1448 2252 1685 2315 monasterium
1724 2260 1873 2318 vestrum
1912 2262 1949 2320 et

724 2343 842 2458 ffll‘w
887 2353 1129 2418 fraternitatem
1152 2352 1359 2429 admiseritis,
1392 2353 1456 2438 ipsi
1489 2354 1699 2438 postmodum
1731 2356 1776 2420 ad
1809 2358 1948 2422 studen-

601 2444 605 2448 ’
723 2476 809 2525 house.
888 2457 968 2522 dum
991 2462 1025 2522 ot
1048 2457 1285 2542 proficiendum
1317 2457 1354 2519 in
1387 2456 1498 2521 studio
1533 2457 1631 2521 semel
1664 2464 1699 2522 et
1730 2458 1852 2523 iterum
1886 2463 1947 2525 tri·

725 2568 754 2617 [ι.
768 2568 785 2618 f.
800 2574 855 2620 158.
888 2558 1039 2624 annalem
1070 2558 1248 2621 terminum
1281 2557 1499 2642 praefigentes,
1522 2559 1630 2643 ipsum
1654 2564 1766 2624 tamen
1790 2567 1946 2646 paratum

888 2660 1075 2726 satisfacere
1098 2682 1166 2725 suae
1189 2659 1384 2744 obligationi
1407 2659 1567 2725 hactenus
1589 2661 1768 2726 admittere
1792 2663 1946 2730 indebite

888 2763 1070 2829 recusastis.
1109 2763 1318 2847 Quapropter
1340 2768 1486 2826 vestram
1509 2762 1725 2827 exhortamur
1747 2764 1783 2827 in
1799 2765 1946 2832 Domino

887 2868 1069 2943 caritatem,
1091 2887 1129 2930 ac
1152 2865 1253 2929 etiam
1275 2885 1446 2929 monemus
1480 2871 1515 2928 et
1549 2865 1754 2941 mandamus,
1776 2873 1945 2950 quatenus

887 2976 947 3035 aut
970 2968 1111 3038 eundem
1134 2966 1364 3031 Alexandrum
1399 2967 1576 3032 admittere
1599 2973 1702 3032 anta
1725 2975 1836 3033 vestra
1859 2970 1944 3034 obli·
2045 2972 2051 2987 '

886 3072 1020 3159 gatione
1059 3068 1226 3133 dimittere
1258 3072 1293 3132 et
1323 3068 1492 3133 absolvere
1533 3068 1604 3133 sine
1639 3090 1738 3134 morae
1770 3070 1945 3156 dispendio

889 3172 1051 3238 studeatis
1063 3195 1071 3250 ;
1094 3170 1208 3247 eidem,
1232 3170 1260 3232 si
1293 3192 1368 3233 enm
1402 3170 1620 3246 absolveritis,
1655 3171 1684 3234 si
1716 3177 1829 3236 tamen
1861 3195 1944 3239 eun-

889 3277 966 3342 dem
989 3273 1170 3340 secundum
1193 3272 1335 3337 formam
1371 3295 1439 3338 suae
1473 3272 1686 3359 obligationis
1720 3275 1854 3359 possitis
1885 3277 1944 3341 ab

889 3379 1023 3456 solvere,
1040 3383 1167 3442 vestras
1185 3381 1337 3462 patentes
1352 3376 1465 3441 literas
1480 3398 1579 3462 super
1599 3376 1805 3444 absolutione
1828 3378 1944 3465 hujus-

890 3481 979 3545 modi
1012 3479 1233 3544 coucedentas.
1296 3478 1422 3543 Datum
1454 3479 1543 3564 apud
1576 3478 1770 3556 Mortelake,
1803 3502 1834 3547 v.
1867 3482 1943 3548 idus

889 3583 1044 3669 Augusti,
1067 3582 1321 3648 consecrationis
1344 3589 1466 3647 nostrae
1489 3603 1578 3647 anno
1600 3582 1716 3667 primo.

1165 3811 1657 3824 “m

1337 3981 1493 4047 XXXIV.

1110 4133 1159 4197 To
1182 4150 1252 4198 raa
1276 4134 1408 4197 Annrss
1431 4151 1474 4198 os
1498 4131 1715 4198 Wnnawnm.

720 4287 822 4338 narres
931 4258 1048 4326 Frater
1070 4259 1268 4345 J[0hannes]
1293 4261 1516 4345 permissione,
1532 4265 1601 4337 etc,
1625 4259 1783 4345 religiosae
1798 4258 1940 4325 dominae

719 4354 854 4470 ξζίζὲζῗ·
885 4366 1061 4429 abbatissae
1096 4364 1136 4428 do
1172 4363 1373 4439 werewelle,
1410 4362 1560 4439 salutem,
1594 4362 1737 4448 gratiam
1770 4369 1805 4427 et
1842 4363 1938 4427 bene-

720 4486 815 4536 imnate
885 4467 1071 4531 dictionem.
1132 4465 1186 4528 Ad
1231 4465 1464 4529 auctoritatem
1503 4463 1754 4528 Cantuariensis
1796 4464 1939 4529 ecclesia

719 4553 823 4669 32:231)
884 4569 1037 4633 novimus
1060 4568 1234 4652 pertinere,
1251 4567 1338 4651 quod
1355 4567 1496 4651 quilibet
1518 4565 1782 4652 archiepiscopus
1798 4566 1857 4649 qui
1880 4588 1939 4651 pro

824 4636 841 4685 5

718 4684 844 4734 nimmia
884 4676 1030 4754 temporo
1054 4670 1157 4733 fuerit
1183 4668 1317 4731 honoris
1350 4669 1402 4731 sui
1426 4667 1564 4731 titulum
1588 4689 1666 4732 mox
1688 4667 1840 4752 adeptus,
1863 4689 1938 4733 con-

716 4752 863 4867 ξξξᾚζῇ
882 4773 1067 4856 gregationi
1092 4771 1229 4835 cuilibet
1252 4771 1501 4835 Cantuariensis
1536 4770 1715 4856 provinciae
1738 4791 1805 4833 non
1828 4791 1938 4834 exam-

716 4881 813 4949 birhop.
883 4878 958 4955 ptae,
982 4871 1283 4937 sanctimonialium
1308 4893 1366 4934 seu
1397 4872 1539 4935 aliarum
1572 4871 1748 4935 mulierum
1780 4892 1937 4956 quarum·

716 4975 750 5091 ff:
759 4974 862 5091 pilii&
883 4994 1011 5059 cunque
1033 4975 1096 5038 sub
1119 4974 1288 5059 religionis
1303 4973 1421 5039 habitu
1436 4974 1579 5040 Domino
1595 4972 1820 5052 servientium,
1836 4994 1937 5038 unam
