5375 6359
917 1033 977 1096 186
1161 1048 1330 1096 rrrsrous:
1352 1051 1528 1100 scensxxrs
1551 1051 1728 1102 rreum

913 1241 948 1298 et
970 1235 1012 1300 nd
1036 1235 1251 1302 evidentioris
1273 1237 1400 1304 roboris
1425 1237 1619 1304 firmitatem
1653 1239 1690 1302 in
1712 1237 1840 1305 auctis
1872 1239 1973 1326 pani·

915 1337 974 1400 bus
1012 1337 1183 1406 catholicae
1207 1339 1366 1406 doctrines
1396 1340 1582 1406 virtutibus
1611 1339 1680 1406 alin
1712 1340 1824 1406 cidem
1854 1339 1974 1408 funda·

914 1445 1026 1505 relenta
1047 1439 1262 1518 suistituens‚
1286 1448 1324 1507 ut
1356 1441 1393 1506 in
1426 1441 1598 1508 montibus
1634 1441 1778 1507 nudate
1808 1442 1975 1508 metimi-

914 1542 983 1618 mis,
1007 1548 1042 1608 et
1065 1543 1092 1608 si
1116 1545 1324 1630 experiretur
1355 1545 1524 1610 interdum
1546 1544 1799 1610 concussionum
1821 1545 1974 1632 impetus,

913 1644 1037 1710 nullius
1098 1653 1209 1712 tamen
1249 1651 1420 1712 vereretur
1464 1646 1572 1712 ruinae
1633 1647 1858 1734 dispendium,
1918 1647 1975 1714 md

914 1769 972 1812 nee
994 1749 1150 1814 adversus
1174 1769 1246 1814 eam
1269 1755 1373 1835 portas
1397 1749 1495 1814 inferi
1518 1748 1745 1834 praeralercnt‚
1768 1750 1854 1835 quin
1875 1749 1977 1816 immo

917 1849 1077 1914 virtutum
1101 1851 1232 1916 elevata
1263 1851 1464 1916 culminibus
1496 1871 1708 1936 nequaquam
1749 1851 1874 1918 lateret
1914 1851 1978 1918 snb

918 1953 1034 2028 rumliu,
1057 1953 1112 2018 sed
1141 1953 1270 2020 illorum
1305 1953 1395 2020 clara
1427 1953 1600 2019 evidentia
1629 1953 1759 2020 cunetis
1791 1961 1912 2042 patent
1941 1953 1977 2019 in

916 2054 1111 2142 exemplum.
1151 2055 1226 2141 lpse
1250 2077 1391 2140 namque
1415 2054 1478 2119 Dei
1502 2053 1608 2118 Filius
1629 2054 1738 2120 eidem
1771 2054 1921 2122 sedeone
1941 2051 1977 2120 in

914 2158 1136 2244 upembdurum
1162 2159 1318 2246 principe,
1342 2157 1397 2224 eui
1421 2157 1581 2243 cujusque
1615 2156 1859 2223 succesoribus
1888 2179 1978 2225 nom·

915 2263 1005 2326 misit
1029 2262 1131 2347 ipsius
1155 2261 1280 2328 (tle-isti
1304 2261 1513 2338 vicariatum,
1538 2259 1681 2325 eundem
1703 2259 1907 2326 vimriatum
1929 2263 1977 2328 sie

913 2387 981 2427 essse
1018 2364 1124 2430 versit
1162 2363 1453 2430 vicissitudinariae
1475 2362 1690 2429 suecessionis
1721 2363 1976 2430 continuatione

914 2471 1119 2552 perpetuum,
1145 2471 1183 2531 ut
1212 2486 1413 2552 quamquam
1447 2465 1551 2550 ipsius
1595 2464 1711 2529 vicarii
1744 2487 1788 2530 ex
1820 2464 1979 2532 numm

914 2569 1102 2652 tragilitatis
1125 2569 1313 2634 conditione
1337 2567 1401 2654 legi
1426 2568 1541 2632 mortis
1556 2566 1681 2632 addicti
1697 2568 1874 2653 pluentis
1896 2569 1977 2636 vira

913 2693 1059 2736 nee-usum
1096 2672 1308 2747 incurrerent,
1330 2669 1521 2754 hujusmodi
1563 2675 1676 2735 tamen
1699 2669 1884 2736 vicariatus
1906 2670 1976 2736 effi·

913 2773 997 2836 eium
1036 2773 1218 2838 iuuumtalu
1257 2777 1416 2859 perpetuo
1448 2777 1639 2838 remaneret.
1702 2771 1848 2837 Proinde
1891 2793 1974 2858 pne·

912 2875 1001 2940 diem
1025 2883 1129 2942 runnu·
1162 2875 1298 2940 ecelesia
1321 2873 1397 2939 utili
1424 2874 1622 2960 desponsata
1644 2873 1805 2959 pontifici,
1838 2874 1974 2962 nuptia·

914 2981 999 3044 libus
1026 2987 1143 3044 mnata
1177 2977 1365 3054 monilibus,
1397 2976 1459 3041 sub
1490 2974 1602 3062 sponsi
1640 2974 1691 3038 sui
1730 2974 1857 3041 drreatu
1895 2975 1976 3042 laeta

912 3083 1094 3162 deducitur,
1119 3087 1153 3148 et
1170 3081 1335 3146 interdurn
1360 3077 1500 3164 pastoris
1514 3076 1675 3142 subtracti
1691 3077 1850 3154 carentia,
1864 3078 1976 3144 vidui·

913 3187 991 3252 tutis
1025 3185 1147 3250 uudctu
1182 3183 1394 3258 eiremmlata,
1426 3180 1529 3246 oculis
1566 3179 1722 3246 resolutis
1758 3179 1796 3246 in
1821 3180 1976 3248 lacrimas

911 3291 981 3373 ejus
1005 3287 1067 3352 sibi
1102 3285 1253 3372 ‹peren-itm·
1284 3285 1442 3369 adempta
1474 3280 1603 3360 solatia,
1626 3282 1669 3347 do
1693 3281 1786 3347 illius
1821 3283 1976 3349 subtrae-

911 3393 999 3454 lieme.
1034 3390 1176 3454 lmmntn
1211 3386 1412 3471 multiplicat
1434 3391 1469 3450 et
1506 3384 1608 3448 anxia
1639 3406 1700 3470 pro
1733 3384 1975 3450 substitutione

909 3495 1044 3558 ulterius
1082 3492 1235 3556 elaborat.
1284 3489 1313 3552 N
1319 3511 1400 3574 uper
1422 3487 1586 3572 siepridem
1607 3486 1712 3552 felicis
1734 3487 1973 3552 reeordationis

914 3597 951 3658 Ν.
977 3595 1208 3680 puedeeesseuu
1232 3599 1343 3656 nostro
1379 3591 1414 3654 in
1437 3589 1528 3654 Urbe
1561 3595 1642 3654 tune
1676 3609 1751 3653 curn
1785 3609 1847 3654 sua
1880 3589 1974 3655 curia

912 3697 1082 3770 residebat,
1106 3696 1191 3762 sieut
1216 3694 1358 3759 lleminu
1382 3692 1515 3778 placuit,
1539 3696 1598 3754 etc.

1309 3909 1321 3916 .
1335 3901 1665 3916 .--—-..-.-—-———

1314 4121 1319 4126 ,
1379 4045 1494 4112 CLVI.

1161 4189 1210 4252 'l'u
1233 4204 1302 4251 rur
1326 4187 1458 4250 Brsuee
1480 4201 1522 4248 or
1545 4182 1727 4249 Nonmcn.

785 4359 856 4404 rose,
959 4322 1158 4388 Norwicensi
1177 4321 1337 4406 episeopo,
1353 4319 1501 4384 salutem.
1525 4317 1617 4392 Vere,
1641 4314 1808 4382 carissime
1823 4315 1965 4392 domine,

738 4419 881 4472 conteret.
910 4428 1020 4492 arrium
1045 4424 1209 4490 innocenti
1235 4429 1270 4487 et
1292 4422 1388 4488 eorde
1411 4419 1554 4506 pacifice,
1581 4420 1667 4484 sieut
1699 4439 1759 4504 per
1792 4417 1855 4483 Dei
1889 4440 1966 4505 gra.

738 4511 862 4629 fflg'f
910 4533 989 4594 tium
1031 4529 1172 4594 dualiter
1208 4526 1391 4613 apparebit,
1428 4523 1659 4587 liberalitatem
1704 4526 1850 4586 vestram
1899 4542 1967 4586 nen

738 4595 849 4698 merids
909 4632 1100 4696 eulmisimus
1140 4654 1197 4716 per
1234 4628 1500 4693 archidiaconum
1540 4622 1692 4690 Subbir'l
1729 4623 1967 4710 postulantem,

739 4729 828 4774 reperirey

738 4778 821 4832 ulrich
835 4777 878 4826 llic
911 4757 929 4798 ¹¹

935 4741 948 4798 t
1001 4733 1167 4798 l'nselmtis¹
1214 4730 1381 4813 seepreutis
1414 4727 1571 4791 solemnia
1618 4726 1737 4791 vestris
1774 4726 1965 4811 sumptibus

1273 4959 1278 4989 ¹
1296 4957 1412 5023 ¹s'ubdir’]
1429 4959 1546 5016 Sudbur',
1557 4956 1582 5006 iu
1595 4957 1630 5007 Λ.
