5375 6359
990 1533 1061 1578 1²⁸0.

967 1599 998 1647 tt
1012 1595 1079 1646 Nor.

947 1685 1060 1753 nguine

947 1767 1053 1820 ponens

948 1819 1007 1870 who
1019 1820 1062 1870 de·

951 1885 1001 1938 tuin
1015 1885 1058 1935 tiro

950 1959 1020 2002 ronta
1032 1949 1064 2000 oi

950 2019 993 2070 tire
1006 2033 1070 2068 nuu-

951 2081 1083 2204 biddhdbe.

952 2237 984 2289 lt.
997 2237 1015 2287 i.
1029 2239 1069 2288 ἳῠ.

1114 995 1179 1060 loa
1363 1001 1534 1052 ansronn
1556 997 1729 1048 tonsurus
1751 991 1925 1043 etcum

1559 1233 1730 1302 CXXVII.

1243 1375 1295 1440 To
1318 1389 1389 1437 rna
1412 1371 1516 1436 Danu
1539 1385 1583 1432 or
1608 1366 1779 1431 Nosmcs
1803 1382 1875 1430 nnn
1898 1380 2042 1429 ornam

1165 1506 1280 1572 Frater
1302 1504 1324 1568 J
1329 1500 1506 1588 [ohannes]
1525 1497 1734 1584 permissione
1758 1496 1881 1572 (lisina,
1896 1502 1966 1571 etc,
1980 1494 2113 1559 dilectis
2134 1492 2145 1555 i

1118 1608 1252 1676 Christo
1275 1605 1354 1671 tiliis
1377 1604 1417 1669 do
1442 1602 1605 1677 NorwicO,
1621 1601 1662 1665 de
1686 1598 1713 1662 F
1714 1598 1774 1686 leg,
1797 1599 1838 1663 de
1861 1596 2026 1674 Brok',de
2048 1596 2145 1659 Hum

1118 1709 1220 1787 lierd’,
1243 1709 1284 1774 do
1309 1703 1498 1771 ltodenbalo
1523 1700 1707 1788 Hengham,
1729 1700 1770 1765 de
1793 1699 1970 1774 Carnewie,
1992 1698 2035 1762 de
2057 1696 2145 1781 ΡΜ

1118 1812 1206 1886 bani,
1230 1809 1270 1876 do
1303 1805 1426 1882 Lonba,
1450 1804 1491 1869 do
1522 1802 1674 1879 Bccham,
1697 1801 1737 1867 de
1768 1801 1906 1877 Tefford,
1930 1800 1971 1864 de
2001 1797 2145 1862 Bresioi

1119 1917 1160 1981 do
1196 1907 1428 1996 Luttinglond’
1464 1905 1605 1981 decanis,
1629 1904 1682 1969 vel
1717 1926 1829 1970 eorum
1861 1904 1949 1969 vices
1970 1900 2145 1988 gerentibn

1120 2017 1271 2089 salutem,
1302 2011 1446 2098 gratiam
1478 2013 1511 2074 et
1542 2008 1811 2073 benedictionem.
1866 2005 2041 2086 Querelam
2071 2001 2145 2067 dile«

1121 2127 1229 2185 tarum
1255 2116 1287 2181 in
1306 2112 1440 2179 Christo
1463 2111 1604 2176 tiliarum
1652 2163 1658 2176 .
1705 2160 1712 2174 .
1750 2110 1913 2196 priorissae
1932 2114 1968 2173 et
1989 2111 2145 2173 conventi

1122 2221 1162 2286 do
1190 2217 1352 2285 (iarhowc
1376 2216 1566 2300 recepimus,
1590 2214 1812 2278 continentem
1836 2212 1922 2298 quod
1944 2208 2145 2276 nonnulliir

1124 2319 1276 2407 institutis
1300 2317 1371 2394 tilii,
1395 2339 1464 2382 sneu
1488 2314 1607 2380 salutis
1630 2315 1845 2390 immemores,
1868 2313 2018 2379 redditus
2044 2330 2145 2376 annu<

1121 2422 1164 2490 ad
1188 2421 1356 2487 «ecclesium
1380 2441 1472 2482 sumn
1497 2422 1682 2503 spectantes
1705 2416 1872 2482 occultant
1894 2422 1929 2481 et
1950 2414 2145 2488 detinente

1122 2523 1253 2589 eisdem
1293 2520 1445 2586 imminis
1483 2519 1604 2584 debitis
1637 2525 1672 2583 et
1708 2519 1872 2583 consuetis
1903 2518 1945 2582 ad
1976 2514 2145 2581 solvendin

1123 2625 1271 2714 mensotis
1295 2620 1503 2698 monialibus,
1527 2643 1600 2687 cum
1626 2622 1668 2685 ob
1691 2643 1801 2686 esrum
1833 2621 1961 2687 nunciis
1984 2640 2082 2705 super
2111 2616 2145 2681 h‹

1124 2727 1348 2814 requiruntur,
1372 2730 1525 2790 incusant
1548 2723 1674 2788 solvere
1697 2724 1807 2790 minus
1825 2724 1925 2807 juste,
1941 2727 2056 2788 contra
2075 2719 2145 2784 libe:

1123 2835 1209 2897 tates
1243 2827 1365 2895 eisdem
1399 2827 1484 2892 circa
1515 2826 1576 2891 boc
1608 2847 1774 2891 concessas
1807 2832 1928 2891 temere
1962 2825 2075 2890 venire
2107 2844 2145 2887 no

1125 2937 1284 3009 ver-entes,
1319 2929 1354 2993 in
1387 2948 1454 2993 non
1489 2928 1653 2992 modicum
1689 2929 1833 3013 ipsarum
1868 2926 2059 2993 monialium
2092 2947 2145 3012 prs

1119 3031 1283 3120 ‚ursticium
1318 3036 1353 3095 et
1386 3051 1487 3112 grove
1515 3030 1689 3113 jucturam.
1736 3029 1895 3109 Quocirca
1927 3030 2020 3095 vobis
2050 3034 2082 3094 et
2107 3028 2145 3092 sir

1120 3135 1206 3220 geniis
1244 3137 1392 3196 vestrum
1433 3131 1467 3195 in
1509 3132 1634 3196 virtute
1673 3132 1868 3196 obedientiae
1907 3137 1940 3196 et
1978 3132 2040 3196 sub
2076 3152 2145 3217 puer

1120 3233 1278 3302 onrrrniica
1301 3231 1440 3296 tinnitor
1465 3231 1667 3319 injungendo
1695 3234 1899 3309 mandamus,
1922 3240 2085 3318 quatenus
2108 3233 2145 3297 di

1123 3345 1230 3401 neum
1265 3332 1456 3399 reddituum
1489 3335 1704 3400 occultabnes
1738 3342 1771 3400 et
1794 3336 1982 3400 detentores
2014 3340 2145 3400 moneat

1122 3444 1156 3502 ot
1181 3437 1355 3502 etiierwiter
1392 3436 1557 3501 imiucutis
1582 3443 1618 3500 ut
1644 3438 1730 3522 ipsos
1762 3439 1919 3514 redditus
1951 3439 2087 3502 statutis
2111 3443 2144 3502 te

1125 3537 1231 3606 ruinis.
1249 3537 1394 3622 pristinis
1418 3537 1617 3602 numielibus
1634 3539 1685 3601 rel
1707 3561 1817 3603 earnm
1835 3541 1963 3605 nunciis
1987 3539 2145 3625 persolvar

1125 3638 1330 3720 integraliter
1367 3645 1404 3702 ut
1436 3645 1600 3713 terrentur,
1628 3646 1662 3704 et
1693 3640 1733 3704 de
1764 3642 1941 3707 subtractis
1972 3641 2145 3706 satisfaciar

1123 3745 1356 3826 eonmetenter.
1403 3739 1560 3824 Alioquin
1594 3742 1680 3826 ipsos
1704 3743 1859 3807 canonica
1889 3744 2069 3808 monitione
2092 3766 2145 3828 pru

1126 3845 1224 3906 risisse
1250 3841 1281 3905 in
1307 3839 1446 3920 singuiis
1471 3842 1614 3906 ecclesiis
1640 3850 1822 3908 vestrorum
1856 3846 2084 3922 decanatuum,
2108 3847 2141 3910 di

1127 3943 1185 4006 iuss
1222 3940 1400 4006 iberirinieis
1433 3949 1467 4006 et
1501 3944 1801 4029 rescivissemus
1833 3948 2008 4032 campanie,
2032 3949 2145 4013 candel

1124 4043 1291 4114 retinetis,
1310 4041 1341 4105 in
1360 4064 1479 4124 msere
1503 4044 1633 4129 publice
1651 4052 1684 4110 et
1708 4046 1932 4132 sollempniter
1954 4072 2145 4114 excommun

1124 4145 1205 4209 emtis
1237 4165 1292 4208 seu
1319 4147 1594 4211 exmnmmnicuri
1629 4149 1776 4227 bicintis3
1807 4150 2011 4234 inquirentes
2038 4152 2145 4238 diliger

1126 4253 1176 4312 tm·
1200 4245 1239 4310 de
1264 4266 1376 4309 «serrum
1401 4247 1599 4324 nominibus,
1623 4255 1657 4312 et
1688 4273 1768 4334 quos
1799 4252 1834 4315 in
1858 4253 1919 4317 hac
1951 4259 2043 4338 parte
2067 4256 2145 4340 culpi

1127 4347 1208 4413 biles
1234 4345 1436 4416 inveneritis.
1454 4349 1540 4433 ipsos
1564 4358 1695 4415 servato
1714 4352 1800 4435 juris
1823 4354 1937 4418 ordine
1960 4356 2145 4421 nominatin

1125 4448 1416 4517 excommunicetis
1448 4473 1505 4515 sou
1544 4454 1820 4520 excommunicari
1852 4456 1990 4536 faciatis
2022 4464 2091 4521 tam
2117 4459 2145 4523 di

1127 4549 1294 4634 praemissa
1328 4557 1529 4634 exequentes
1575 4555 1679 4620 donec
1720 4557 1869 4641 praedicti
1912 4559 2098 4624 detentores
2132 4582 2145 4624 a

1126 4648 1322 4732 condignam
1359 4650 1614 4719 satistiictionem
1643 4659 1854 4740 pervenerint
1877 4659 1910 4723 in
1936 4660 2145 4745 premissis«

1126 4748 1344 4816 absolutionis
1367 4752 1507 4837 gratiam
1532 4758 1714 4821 meruerint
1736 4759 1884 4825 obtinere
1940 4760 2064 4827 Valete.
2111 4764 2145 4827 D

1125 4881 1428 4892 *nn—u*—
1436 4885 1455 4892 —
1462 4887 1472 4891 -
1485 4887 1592 4894 ---.,-

1449 4931 1456 4963 ¹
1469 4936 1623 5004 trorreinatim]
1639 4939 1783 5002 nominatis,
1797 4943 1853 4993 MS.
