5375 6359
1028 1044 1199 1095 ceramum
1222 1044 1397 1095 conanum
1421 1044 1597 1095 pecuum.
1761 1031 1826 1098 353

765 1234 917 1315 Qualiter
931 1239 1044 1299 autem
1061 1233 1123 1298 hoc
1139 1239 1291 1298 nostrum
1308 1232 1504 1298 mandatum
1527 1232 1660 1299 fueritis
1683 1234 1823 1310 executi,

765 1337 860 1401 nobis
883 1341 1032 1401 constare
1071 1336 1201 1401 faciatis
1231 1334 1322 1400 infra
1345 1334 1466 1399 festum
1490 1334 1621 1400 Sanctae
1648 1334 1824 1402 Trinitatis

766 1438 961 1524 portitores
977 1443 1103 1503 vestras
1131 1442 1292 1523 patentes,
1319 1435 1438 1502 harum
1464 1437 1581 1502 seriam
1605 1437 1823 1504 continentes.

767 1542 891 1605 Datum
922 1540 1011 1626 apud
1046 1538 1229 1617 Mortelak',
1261 1538 1305 1603 vi.
1336 1559 1412 1603 non.
1442 1538 1532 1616 Maii,
1562 1560 1650 1604 anuo
1686 1538 1821 1605 Domini

766 1660 973 1718 ccccxxxii,
996 1640 1249 1707 consecrationis
1271 1646 1394 1705 nostrae
1418 1640 1461 1706 iv.

1044 1900 1542 1912 ...m

1187 2097 1405 2166 CCLXVIII.

1151 2253 1202 2317 'I'o
1226 2253 1384 2317 Enwnnn
1409 2254 1434 2318 1.

813 2382 1098 2449 Excellentissimo
1121 2382 1264 2471 principi
1288 2384 1422 2449 domino
1439 2382 1613 2463 Eduardo,
1628 2383 1691 2449 Dei
1714 2384 1824 2471 gratia
1855 2370 1968 2500 10¹⁹&

767 2493 837 2564 etc,
852 2486 955 2552 frater
977 2486 1177 2573 J[ohanncs]
1201 2487 1417 2573 permissione
1444 2487 1562 2554 divina
1584 2492 1655 2565 etc,
1679 2486 1822 2554 salutem
1837 2519 1907 2568 Aska

768 2589 802 2654 in
827 2589 875 2656 Eo
897 2611 957 2675 per
979 2610 1077 2676 quem
1101 2610 1191 2674 reges
1226 2596 1367 2675 regnant
1391 2595 1426 2654 et
1449 2590 1616 2677 principes
1650 2585 1951 2704 dominon-¹¹³¹(111‘0h

767 2698 831 2757 tur.
878 2689 1094 2758 Excellentiue
1111 2697 1231 2757 vestrm
1254 2697 1372 2756 uotum
1396 2691 1536 2756 fecimus
1553 2714 1612 2779 per
1634 2698 1823 2779 praesentes,
1836 2665 1967 2772 3ᾎᾷίοῖ

768 2795 856 2881 quod
888 2793 1044 2858 dominus
1076 2792 1218 2859 Thomas
1251 2793 1291 2858 dc
1327 2792 1530 2870 Leuken01e‚
1565 2792 1669 2869 miles,
1699 2793 1742 2860 ad
1773 2793 1822 2859 in·
1837 2788 1968 2905 {ugnos

768 2897 927 2963 stantiam
959 2896 1074 2961 decani
1098 2901 1132 2960 et
1155 2894 1294 2983 capituli
1326 2894 1358 2960 S.
1384 2894 1478 2959 Pauli
1509 2894 1666 2971 London',
1690 2894 1824 2981 majoris
1837 2872 1947 2972 ignord..

768 2999 1120 3066 excommunicationis
1142 2999 1309 3064 sententia
1331 2997 1531 3064 auctoritate
1554 2997 1731 3075 ordinaria,
1754 2999 1823 3065 oxi·
1838 3014 1869 3065 R.
1882 3015 1900 3064 f.
1913 3020 1944 3065 ec
1957 3015 1982 3064 b.

769 3109 868 3190 gente
898 3102 1043 3189 justitia,
1077 3101 1266 3177 innodatus,
1290 3101 1325 3165 in
1358 3100 1471 3165 eadem
1507 3100 1676 3165 sententia
1698 3122 1756 3186 per
1779 3100 1822 3165 xL

769 3206 839 3271 dics
865 3207 1063 3293 etamplius
1082 3205 1153 3293 jam
1184 3204 1289 3281 stetit,
1313 3209 1348 3269 et
1370 3202 1480 3268 adhuc
1503 3209 1691 3291 perseverat
1713 3204 1825 3269 animo

769 3310 934 3387 indurato,
962 3308 1070 3375 claves
1102 3306 1246 3373 ccclesiae
1281 3295 1541 3394 dampnabiliter
1575 3306 1825 3385 contemnendo,

770 3412 804 3477 in
828 3412 1042 3477 animasum.
1073 3410 1266 3497 periculum,
1290 3410 1457 3475 dictorum
1488 3409 1605 3476 decani
1628 3414 1662 3475 et
1685 3408 1824 3497 capituli

770 3514 1011 3601 praejudicium,
1035 3520 1068 3579 et
1090 3513 1230 3578 aliorum
1255 3512 1476 3601 perniciosum
1501 3511 1697 3599 exemplum.
1737 3511 1822 3580 Cum

771 3617 874 3704 igitur
906 3617 1041 3681 ccclesia
1075 3615 1137 3680 Dci
1172 3613 1261 3681 ultra
1294 3614 1376 3701 quid
1409 3614 1509 3681 faciat
1543 3635 1610 3680 uon
1642 3614 1764 3681 habeat
1786 3615 1824 3681 in

770 3718 831 3784 hac
854 3724 956 3806 parte,
981 3724 1124 3783 vestram
1149 3718 1272 3806 regiam
1297 3718 1505 3804 majestatem
1528 3716 1686 3783 duximus
1708 3718 1823 3806 depre-

769 3822 916 3900 candam,
949 3826 1111 3908 quatenus
1145 3821 1188 3886 ad
1222 3821 1327 3907 ipsius
1360 3820 1522 3888 molitiem
1556 3821 1825 3900 convincendam,

770 3923 857 4008 quod
881 3930 1029 3988 vestrum
1061 3923 1161 3988 estin
1186 3922 1248 3990 hac
1271 3930 1365 4011 parte
1384 3923 1486 4009 juxta
1509 3923 1603 4011 regni
1627 3924 1728 3991 vestri
1748 3946 1823 3991 con·

770 4026 980 4091 suetudinem
1005 4048 1154 4092 cxcrccre
1179 4026 1298 4103 volitis,
1321 4048 1381 4114 per
1415 4026 1659 4093 invocationem
1697 4028 1824 4095 brachii

770 4127 944 4206 saecularis,
968 4134 1007 4193 ut
1023 4150 1104 4215 quos
1122 4129 1220 4194 timor
1244 4128 1307 4194 Dei
1330 4150 1352 4194 a
1367 4129 1454 4195 malo
1480 4150 1548 4195 non
1564 4136 1706 4208 revocat,
1722 4153 1823 4198 saecu-

770 4230 848 4294 laris
878 4230 995 4296 saltem
1026 4232 1184 4297 severitas
1214 4230 1368 4298 cohibeat
1396 4253 1417 4297 a
1444 4239 1585 4319 peccato.
1632 4218 1824 4310 conservio,

770 4341 832 4399 etc.
872 4332 997 4399 Datum
1021 4333 1109 4420 apud
1127 4333 1311 4411 Mortelnk',
1328 4334 1370 4400 vi.
1396 4334 1439 4400 id.
1465 4331 1555 4412 Maii,
1577 4357 1665 4403 anno
1687 4334 1822 4403 Domini

771 4452 849 4501 nce.
873 4436 1071 4525 octogesimo
1092 4435 1243 4503 secundo.
