<?xml version="1.0" encoding="UTF-8"?>
<!DOCTYPE html PUBLIC "-//W3C//DTD XHTML 1.0 Transitional//EN"
    "http://www.w3.org/TR/xhtml1/DTD/xhtml1-transitional.dtd">
<html xmlns="http://www.w3.org/1999/xhtml" xml:lang="en" lang="en">
 <head>
  <title>
</title>
<meta http-equiv="Content-Type" content="text/html;charset=utf-8" />
  <meta name='ocr-system' content='tesseract 3.04.00' />
  <meta name='ocr-capabilities' content='ocr_page ocr_carea ocr_par ocr_line ocrx_word'/>
</head>
<body>
  <div class='ocr_page' id='page_1' title='image "./registrumepisto01martgoog_0293.png"; bbox 0 0 5375 6359; ppageno 0'>
   <div class='ocr_carea' id='block_1_1' title="bbox 1067 1041 1904 1120">
    <p class='ocr_par' dir='ltr' id='par_1_1' title="bbox 1067 1041 1904 1120">
     <span class='ocr_line' id='line_1_1' title="bbox 1067 1041 1904 1120; baseline 0.018 -16"><span class='ocrx_word' id='word_1_1' title='bbox 1067 1041 1133 1104; x_wconf 81' lang='lat'><strong>218</strong></span> <span class='ocrx_word' id='word_1_2' title='bbox 1329 1059 1500 1112; x_wconf 74' lang='lat' dir='ltr'><strong>misnens</strong></span> <span class='ocrx_word' id='word_1_3' title='bbox 1522 1062 1697 1115; x_wconf 72' lang='lat' dir='ltr'><strong>nonnanis</strong></span> <span class='ocrx_word' id='word_1_4' title='bbox 1720 1064 1904 1120; x_wconf 74' lang='lat' dir='ltr'><strong>eacnnnn.</strong></span> 
     </span>
    </p>
   </div>
   <div class='ocr_carea' id='block_1_2' title="bbox 1062 1244 2119 1621">
    <p class='ocr_par' dir='ltr' id='par_1_2' title="bbox 1062 1244 2119 1621">
     <span class='ocr_line' id='line_1_2' title="bbox 1064 1244 2117 1342; baseline 0.011 -33"><span class='ocrx_word' id='word_1_5' title='bbox 1064 1244 1232 1330; x_wconf 81' lang='lat' dir='ltr'><strong>stipendia</strong></span> <span class='ocrx_word' id='word_1_6' title='bbox 1262 1246 1446 1313; x_wconf 87' lang='lat' dir='ltr'><strong>necessaria</strong></span> <span class='ocrx_word' id='word_1_7' title='bbox 1468 1251 1668 1333; x_wconf 86' lang='lat' dir='ltr'><strong>recepturus.</strong></span> <span class='ocrx_word' id='word_1_8' title='bbox 1716 1248 1807 1329; x_wconf 84' lang='lat' dir='ltr'>Quid</span> <span class='ocrx_word' id='word_1_9' title='bbox 1829 1256 1948 1317; x_wconf 87' lang='lat' dir='ltr'><strong>autem</strong></span> <span class='ocrx_word' id='word_1_10' title='bbox 1984 1253 2020 1318; x_wconf 93' lang='lat' dir='ltr'><strong>in</strong></span> <span class='ocrx_word' id='word_1_11' title='bbox 2041 1275 2117 1342; x_wconf 78' lang='lat' dir='ltr'><strong>prm·</strong></span> 
     </span>
     <span class='ocr_line' id='line_1_3' title="bbox 1064 1347 2119 1427; baseline 0.015 -18"><span class='ocrx_word' id='word_1_12' title='bbox 1064 1347 1173 1412; x_wconf 81' lang='lat' dir='ltr'><strong>missis</strong></span> <span class='ocrx_word' id='word_1_13' title='bbox 1195 1348 1330 1414; x_wconf 82' lang='lat' dir='ltr'><strong>duxeris</strong></span> <span class='ocrx_word' id='word_1_14' title='bbox 1353 1349 1549 1427; x_wconf 86' lang='lat' dir='ltr'><strong>faciendum,</strong></span> <span class='ocrx_word' id='word_1_15' title='bbox 1565 1348 1661 1415; x_wconf 89' lang='lat' dir='ltr'><strong>nobis</strong></span> <span class='ocrx_word' id='word_1_16' title='bbox 1683 1350 1768 1417; x_wconf 88' lang='lat' dir='ltr'><strong>eitra</strong></span> <span class='ocrx_word' id='word_1_17' title='bbox 1791 1352 1923 1419; x_wconf 89' lang='lat' dir='ltr'><strong>dietum</strong></span> <span class='ocrx_word' id='word_1_18' title='bbox 1946 1355 2034 1421; x_wconf 87' lang='lat' dir='ltr'><strong>diem</strong></span> <span class='ocrx_word' id='word_1_19' title='bbox 2049 1379 2119 1424; x_wconf 90' lang='lat' dir='ltr'><strong>eou-</strong></span> 
     </span>
     <span class='ocr_line' id='line_1_4' title="bbox 1064 1451 2117 1538; baseline 0.013 -27"><span class='ocrx_word' id='word_1_20' title='bbox 1064 1454 1151 1514; x_wconf 80' lang='lat' dir='ltr'><strong>stare</strong></span> <span class='ocrx_word' id='word_1_21' title='bbox 1183 1451 1292 1528; x_wconf 83' lang='lat' dir='ltr'><strong>facias,</strong></span> <span class='ocrx_word' id='word_1_22' title='bbox 1323 1473 1382 1538; x_wconf 91' lang='lat' dir='ltr'><strong>per</strong></span> <span class='ocrx_word' id='word_1_23' title='bbox 1414 1457 1489 1518; x_wconf 79' lang='lat' dir='ltr'><strong>tues</strong></span> <span class='ocrx_word' id='word_1_24' title='bbox 1521 1457 1673 1538; x_wconf 88' lang='lat' dir='ltr'><strong>patentes</strong></span> <span class='ocrx_word' id='word_1_25' title='bbox 1704 1451 1827 1534; x_wconf 84' lang='lat' dir='ltr'><strong>literas,</strong></span> <span class='ocrx_word' id='word_1_26' title='bbox 1861 1455 1985 1525; x_wconf 80' lang='lat' dir='ltr'><strong>harum</strong></span> <span class='ocrx_word' id='word_1_27' title='bbox 2006 1460 2117 1527; x_wconf 85' lang='lat' dir='ltr'><strong>seriem</strong></span> 
     </span>
     <span class='ocr_line' id='line_1_5' title="bbox 1062 1552 1276 1621; baseline -0.014 0"><span class='ocrx_word' id='word_1_28' title='bbox 1062 1552 1276 1621; x_wconf 75' lang='lat' dir='ltr'><strong>continentes,</strong></span> 
     </span>
    </p>
   </div>
   <div class='ocr_carea' id='block_1_3' title="bbox 1282 1877 1881 2094">
    <p class='ocr_par' dir='ltr' id='par_1_3' title="bbox 1282 1877 1881 2094">
     <span class='ocr_line' id='line_1_6' title="bbox 1481 1877 1696 1947; baseline 0.005 -1"><span class='ocrx_word' id='word_1_29' title='bbox 1481 1877 1696 1947; x_wconf 82' lang='lat' dir='ltr'><strong>CLXXXIV.</strong></span> 
     </span>
     <span class='ocr_line' id='line_1_7' title="bbox 1282 2024 1881 2094; baseline 0.008 -6"><span class='ocrx_word' id='word_1_30' title='bbox 1282 2024 1332 2089; x_wconf 89' lang='grc' dir='ltr'><strong>Το</strong></span> <span class='ocrx_word' id='word_1_31' title='bbox 1356 2041 1426 2090; x_wconf 84' lang='lat' dir='ltr'><strong>rme</strong></span> <span class='ocrx_word' id='word_1_32' title='bbox 1449 2024 1582 2091; x_wconf 79' lang='lat' dir='ltr'><strong>Bisnoe</strong></span> <span class='ocrx_word' id='word_1_33' title='bbox 1605 2042 1649 2092; x_wconf 79' lang='lat' dir='ltr'><strong>os</strong></span> <span class='ocrx_word' id='word_1_34' title='bbox 1672 2024 1881 2094; x_wconf 70' lang='lat' dir='ltr'><strong>sensnum.</strong></span> 
     </span>
    </p>
   </div>
   <div class='ocr_carea' id='block_1_4' title="bbox 886 2164 2114 2460">
    <p class='ocr_par' dir='ltr' id='par_1_4' title="bbox 886 2164 2114 2460">
     <span class='ocr_line' id='line_1_8' title="bbox 932 2164 2112 2253; baseline 0.003 -26"><span class='ocrx_word' id='word_1_35' title='bbox 932 2168 1002 2214; x_wconf 79' lang='lat'>¹2⁸¹·</span> <span class='ocrx_word' id='word_1_36' title='bbox 1102 2165 1201 2230; x_wconf 85' lang='lat' dir='ltr'><strong>Anno</strong></span> <span class='ocrx_word' id='word_1_37' title='bbox 1224 2166 1338 2231; x_wconf 90' lang='lat' dir='ltr'><strong>eodem</strong></span> <span class='ocrx_word' id='word_1_38' title='bbox 1365 2164 1631 2253; x_wconf 86' lang='lat' dir='ltr'><strong>[consecrationis</strong></span> <span class='ocrx_word' id='word_1_39' title='bbox 1664 2167 1779 2251; x_wconf 82' lang='lat' dir='ltr'><strong>tertio]</strong></span> <span class='ocrx_word' id='word_1_40' title='bbox 1819 2167 1913 2253; x_wconf 87' lang='lat' dir='ltr'><strong>apud</strong></span> <span class='ocrx_word' id='word_1_41' title='bbox 1946 2165 2112 2234; x_wconf 85' lang='lat' dir='ltr'><strong>Suthmal-</strong></span> 
     </span>
     <span class='ocr_line' id='line_1_9' title="bbox 900 2232 2114 2357; baseline 0 -24"><span class='ocrx_word' id='word_1_42' title='bbox 900 2234 941 2339; x_wconf 65' lang='lat'><strong>„¹⁰</strong></span> <span class='ocrx_word' id='word_1_43' title='bbox 955 2232 1023 2333; x_wconf 68' lang='lat' dir='ltr'><strong>nug.</strong></span> <span class='ocrx_word' id='word_1_44' title='bbox 1055 2265 1144 2354; x_wconf 79' lang='lat' dir='ltr'><strong>ling¹</strong></span> <span class='ocrx_word' id='word_1_45' title='bbox 1171 2270 1363 2335; x_wconf 75' lang='lat' dir='ltr'><strong>incrastino</strong></span> <span class='ocrx_word' id='word_1_46' title='bbox 1386 2268 1629 2354; x_wconf 80' lang='lat' dir='ltr'><strong>Assunrptionis</strong></span> <span class='ocrx_word' id='word_1_47' title='bbox 1651 2267 1756 2336; x_wconf 84' lang='lat' dir='ltr'><strong>beatae</strong></span> <span class='ocrx_word' id='word_1_48' title='bbox 1772 2268 1933 2357; x_wconf 80' lang='lat' dir='ltr'><strong>Virginis,</strong></span> <span class='ocrx_word' id='word_1_49' title='bbox 1948 2270 2114 2337; x_wconf 81' lang='lat' dir='ltr'><strong>emanavit</strong></span> 
     </span>
     <span class='ocr_line' id='line_1_10' title="bbox 886 2321 2111 2460; baseline 0.002 -25"><span class='ocrx_word' id='word_1_50' title='bbox 886 2321 1031 2449; x_wconf 50' lang='lat' dir='ltr'><strong>mlii</strong></span> <span class='ocrx_word' id='word_1_51' title='bbox 1054 2370 1151 2437; x_wconf 86' lang='lat' dir='ltr'><strong>litera</strong></span> <span class='ocrx_word' id='word_1_52' title='bbox 1173 2372 1311 2437; x_wconf 84' lang='lat' dir='ltr'><strong>subhac</strong></span> <span class='ocrx_word' id='word_1_53' title='bbox 1334 2370 1621 2436; x_wconf 64' lang='lat' dir='ltr'><strong>fernim-Frater</strong></span> <span class='ocrx_word' id='word_1_54' title='bbox 1642 2370 1851 2457; x_wconf 82' lang='lat' dir='ltr'><strong>J[ohannes],</strong></span> <span class='ocrx_word' id='word_1_55' title='bbox 1868 2379 1941 2451; x_wconf 83' lang='lat' dir='ltr'><strong>ete,</strong></span> <span class='ocrx_word' id='word_1_56' title='bbox 1964 2375 2111 2460; x_wconf 83' lang='lat' dir='ltr'><strong>episcopo</strong></span> 
     </span>
    </p>
   </div>
   <div class='ocr_carea' id='block_1_5' title="bbox 885 2454 2110 2572">
    <p class='ocr_par' dir='ltr' id='par_1_5' title="bbox 885 2454 2110 2572">
     <span class='ocr_line' id='line_1_11' title="bbox 885 2454 2110 2572; baseline -0.002 -29"><span class='ocrx_word' id='word_1_57' title='bbox 885 2454 1040 2572; x_wconf 49' lang='grc' dir='ltr'><strong>ζζζξξξξζέῖο</strong></span> <span class='ocrx_word' id='word_1_58' title='bbox 1054 2474 1140 2539; x_wconf 85' lang='lat' dir='ltr'><strong>Sarr&#39;</strong></span> <span class='ocrx_word' id='word_1_59' title='bbox 1164 2475 1313 2540; x_wconf 84' lang='lat' dir='ltr'><strong>salutem.</strong></span> <span class='ocrx_word' id='word_1_60' title='bbox 1361 2473 1590 2560; x_wconf 67' lang='lat' dir='ltr'><strong>conquerente</strong></span> <span class='ocrx_word' id='word_1_61' title='bbox 1606 2473 1700 2540; x_wconf 87' lang='lat' dir='ltr'><strong>nobis</strong></span> <span class='ocrx_word' id='word_1_62' title='bbox 1723 2475 1876 2561; x_wconf 84' lang='lat' dir='ltr'><strong>religioso</strong></span> <span class='ocrx_word' id='word_1_63' title='bbox 1898 2476 1974 2542; x_wconf 87' lang='lat' dir='ltr'><strong>viro</strong></span> <span class='ocrx_word' id='word_1_64' title='bbox 2008 2477 2110 2563; x_wconf 89' lang='lat' dir='ltr'><strong>priore</strong></span> 
     </span>
    </p>
   </div>
   <div class='ocr_carea' id='block_1_6' title="bbox 885 2577 2110 2664">
    <p class='ocr_par' dir='ltr' id='par_1_6' title="bbox 885 2577 2110 2664">
     <span class='ocr_line' id='line_1_12' title="bbox 885 2577 2110 2664; baseline 0.011 -33"><span class='ocrx_word' id='word_1_65' title='bbox 885 2585 928 2633; x_wconf 64' lang='lat' dir='ltr'><strong>tna</strong></span> <span class='ocrx_word' id='word_1_66' title='bbox 944 2578 1093 2641; x_wconf 74' lang='lat' dir='ltr'><strong>clamide</strong></span> <span class='ocrx_word' id='word_1_67' title='bbox 1120 2577 1274 2654; x_wconf 87' lang='lat' dir='ltr'><strong>Duderle,</strong></span> <span class='ocrx_word' id='word_1_68' title='bbox 1300 2577 1480 2663; x_wconf 78' lang='lat' dir='ltr'><strong>recepimus</strong></span> <span class='ocrx_word' id='word_1_69' title='bbox 1507 2577 1596 2662; x_wconf 91' lang='lat' dir='ltr'><strong>quod</strong></span> <span class='ocrx_word' id='word_1_70' title='bbox 1621 2598 1696 2643; x_wconf 90' lang='lat' dir='ltr'><strong>eum</strong></span> <span class='ocrx_word' id='word_1_71' title='bbox 1720 2578 1790 2664; x_wconf 86' lang='lat' dir='ltr'><strong>ipse</strong></span> <span class='ocrx_word' id='word_1_72' title='bbox 1813 2578 1910 2644; x_wconf 89' lang='lat' dir='ltr'><strong>vobis</strong></span> <span class='ocrx_word' id='word_1_73' title='bbox 1933 2580 1998 2646; x_wconf 91' lang='lat' dir='ltr'><strong>loci</strong></span> <span class='ocrx_word' id='word_1_74' title='bbox 2032 2579 2110 2645; x_wconf 87' lang='lat' dir='ltr'><strong>dice·</strong></span> 
     </span>
    </p>
   </div>
   <div class='ocr_carea' id='block_1_7' title="bbox 884 2651 2108 2768">
    <p class='ocr_par' dir='ltr' id='par_1_7' title="bbox 884 2651 2108 2768">
     <span class='ocr_line' id='line_1_13' title="bbox 884 2651 2108 2768; baseline 0.002 -24"><span class='ocrx_word' id='word_1_75' title='bbox 884 2651 1021 2768; x_wconf 51' lang='lat' dir='ltr'><strong>pplpppsn</strong></span> <span class='ocrx_word' id='word_1_76' title='bbox 1051 2701 1168 2745; x_wconf 85' lang='lat' dir='ltr'><strong>cesano</strong></span> <span class='ocrx_word' id='word_1_77' title='bbox 1206 2680 1229 2745; x_wconf 86' lang='lat' dir='ltr'><strong>J</strong></span> <span class='ocrx_word' id='word_1_78' title='bbox 1232 2680 1396 2745; x_wconf 86' lang='lat' dir='ltr'><strong>ohannem</strong></span> <span class='ocrx_word' id='word_1_79' title='bbox 1444 2679 1597 2746; x_wconf 89' lang='lat' dir='ltr'><strong>clericum</strong></span> <span class='ocrx_word' id='word_1_80' title='bbox 1641 2700 1739 2744; x_wconf 86' lang='lat' dir='ltr'><strong>suum</strong></span> <span class='ocrx_word' id='word_1_81' title='bbox 1776 2680 1821 2745; x_wconf 87' lang='lat' dir='ltr'><strong>ad</strong></span> <span class='ocrx_word' id='word_1_82' title='bbox 1859 2681 2033 2747; x_wconf 88' lang='lat' dir='ltr'><strong>ecelesiam</strong></span> <span class='ocrx_word' id='word_1_83' title='bbox 2070 2681 2108 2746; x_wconf 92' lang='lat' dir='ltr'><strong>de</strong></span> 
     </span>
    </p>
   </div>
   <div class='ocr_carea' id='block_1_8' title="bbox 882 2781 2109 2869">
    <p class='ocr_par' dir='ltr' id='par_1_8' title="bbox 882 2781 2109 2869">
     <span class='ocr_line' id='line_1_14' title="bbox 882 2781 2109 2869; baseline 0.004 -24"><span class='ocrx_word' id='word_1_84' title='bbox 882 2795 1011 2845; x_wconf 65' lang='lat' dir='ltr'><strong>precenta</strong></span> <span class='ocrx_word' id='word_1_85' title='bbox 1052 2783 1241 2868; x_wconf 90' lang='lat' dir='ltr'><strong>lngepenne</strong></span> <span class='ocrx_word' id='word_1_86' title='bbox 1280 2786 1453 2849; x_wconf 87' lang='lat' dir='ltr'><strong>vacantem</strong></span> <span class='ocrx_word' id='word_1_87' title='bbox 1500 2803 1542 2846; x_wconf 85' lang='lat' dir='ltr'><strong>ex</strong></span> <span class='ocrx_word' id='word_1_88' title='bbox 1579 2781 1689 2867; x_wconf 85' lang='lat' dir='ltr'><strong>gratia</strong></span> <span class='ocrx_word' id='word_1_89' title='bbox 1719 2788 1833 2848; x_wconf 85' lang='lat' dir='ltr'><strong>nostra</strong></span> <span class='ocrx_word' id='word_1_90' title='bbox 1871 2791 2109 2869; x_wconf 82' lang='lat' dir='ltr'><strong>praesentaeset,</strong></span> 
     </span>
    </p>
   </div>
   <div class='ocr_carea' id='block_1_9' title="bbox 881 2854 2106 2978">
    <p class='ocr_par' dir='ltr' id='par_1_9' title="bbox 881 2854 2106 2978">
     <span class='ocr_line' id='line_1_15' title="bbox 881 2854 2106 2978; baseline 0 -27"><span class='ocrx_word' id='word_1_91' title='bbox 881 2854 1029 2978; x_wconf 47' lang='grc' dir='ltr'><strong>ἓξὲῐοέἶὴθ</strong></span> <span class='ocrx_word' id='word_1_92' title='bbox 1049 2885 1143 2970; x_wconf 85' lang='lat' dir='ltr'><strong>eujus</strong></span> <span class='ocrx_word' id='word_1_93' title='bbox 1166 2885 1308 2951; x_wconf 76' lang='lat' dir='ltr'><strong>ecclesias</strong></span> <span class='ocrx_word' id='word_1_94' title='bbox 1330 2883 1463 2951; x_wconf 89' lang='lat' dir='ltr'><strong>collatio</strong></span> <span class='ocrx_word' id='word_1_95' title='bbox 1485 2883 1529 2949; x_wconf 84' lang='lat' dir='ltr'><strong>ad</strong></span> <span class='ocrx_word' id='word_1_96' title='bbox 1555 2903 1615 2947; x_wconf 85' lang='lat' dir='ltr'><strong>nos</strong></span> <span class='ocrx_word' id='word_1_97' title='bbox 1637 2882 1699 2949; x_wconf 86' lang='lat' dir='ltr'><strong>hae</strong></span> <span class='ocrx_word' id='word_1_98' title='bbox 1721 2883 1794 2950; x_wconf 89' lang='lat' dir='ltr'><strong>viee</strong></span> <span class='ocrx_word' id='word_1_99' title='bbox 1810 2885 1929 2951; x_wconf 79' lang='lat' dir='ltr'><strong>existit</strong></span> <span class='ocrx_word' id='word_1_100' title='bbox 1943 2886 2106 2963; x_wconf 82' lang='lat' dir='ltr'><strong>devoluta,</strong></span> 
     </span>
    </p>
   </div>
   <div class='ocr_carea' id='block_1_10' title="bbox 881 2984 2106 4915">
    <p class='ocr_par' dir='ltr' id='par_1_10' title="bbox 886 2984 2104 3075">
     <span class='ocr_line' id='line_1_16' title="bbox 886 2984 2104 3075; baseline 0.002 -24"><span class='ocrx_word' id='word_1_101' title='bbox 886 2984 996 3051; x_wconf 69' lang='lat' dir='ltr'><strong>lissey.</strong></span> <span class='ocrx_word' id='word_1_102' title='bbox 1051 3008 1109 3052; x_wconf 85' lang='lat' dir='ltr'><strong>vos</strong></span> <span class='ocrx_word' id='word_1_103' title='bbox 1132 2987 1237 3072; x_wconf 82' lang='lat' dir='ltr'><strong>ipsius</strong></span> <span class='ocrx_word' id='word_1_104' title='bbox 1261 2985 1452 3072; x_wconf 61' lang='lat' dir='ltr'><strong>praesentati</strong></span> <span class='ocrx_word' id='word_1_105' title='bbox 1480 2984 1712 3051; x_wconf 82' lang='lat' dir='ltr'><strong>admissionem</strong></span> <span class='ocrx_word' id='word_1_106' title='bbox 1743 2986 1780 3050; x_wconf 93' lang='lat' dir='ltr'><strong>in</strong></span> <span class='ocrx_word' id='word_1_107' title='bbox 1811 2987 1917 3072; x_wconf 87' lang='lat' dir='ltr'><strong>ipsius</strong></span> <span class='ocrx_word' id='word_1_108' title='bbox 1951 2988 2104 3075; x_wconf 78' lang='lat' dir='ltr'><strong>praejudi-</strong></span> 
     </span>
    </p>

    <p class='ocr_par' dir='ltr' id='par_1_11' title="bbox 881 3065 2106 4915">
     <span class='ocr_line' id='line_1_17' title="bbox 881 3065 2106 3179; baseline 0 -23"><span class='ocrx_word' id='word_1_109' title='bbox 881 3065 912 3116; x_wconf 63' lang='grc' dir='ltr'><strong>Β·</strong></span> <span class='ocrx_word' id='word_1_110' title='bbox 926 3068 1024 3121; x_wconf 60' lang='lat'><strong>‘&#39;⁵⁸¹&#39;&#39;</strong></span> <span class='ocrx_word' id='word_1_111' title='bbox 1050 3091 1147 3166; x_wconf 89' lang='lat' dir='ltr'><strong>cium,</strong></span> <span class='ocrx_word' id='word_1_112' title='bbox 1171 3096 1211 3153; x_wconf 88' lang='lat' dir='ltr'><strong>ut</strong></span> <span class='ocrx_word' id='word_1_113' title='bbox 1232 3089 1399 3164; x_wconf 75' lang='lat' dir='ltr'><strong>asseritur,</strong></span> <span class='ocrx_word' id='word_1_114' title='bbox 1423 3092 1457 3152; x_wconf 89' lang='lat' dir='ltr'><strong>et</strong></span> <span class='ocrx_word' id='word_1_115' title='bbox 1479 3092 1599 3152; x_wconf 73' lang='lat' dir='ltr'><strong>nostrae</strong></span> <span class='ocrx_word' id='word_1_116' title='bbox 1621 3087 1738 3174; x_wconf 82' lang='lat' dir='ltr'><strong>gratiae</strong></span> <span class='ocrx_word' id='word_1_117' title='bbox 1771 3093 2011 3176; x_wconf 87' lang='lat' dir='ltr'><strong>contemptum,</strong></span> <span class='ocrx_word' id='word_1_118' title='bbox 2034 3092 2106 3179; x_wconf 90' lang='lat' dir='ltr'><strong>plus</strong></span> 
     </span>
     <span class='ocr_line' id='line_1_18' title="bbox 1051 3189 2104 3279; baseline 0.003 -23"><span class='ocrx_word' id='word_1_119' title='bbox 1051 3192 1163 3257; x_wconf 87' lang='lat' dir='ltr'><strong>debito</strong></span> <span class='ocrx_word' id='word_1_120' title='bbox 1187 3191 1380 3277; x_wconf 82' lang='lat' dir='ltr'><strong>prorogatis,</strong></span> <span class='ocrx_word' id='word_1_121' title='bbox 1403 3190 1447 3256; x_wconf 84' lang='lat' dir='ltr'><strong>ad</strong></span> <span class='ocrx_word' id='word_1_122' title='bbox 1477 3190 1673 3255; x_wconf 76' lang='lat' dir='ltr'><strong>instantiam</strong></span> <span class='ocrx_word' id='word_1_123' title='bbox 1696 3189 1861 3256; x_wconf 67' lang='lat' dir='ltr'><strong>«Iohannis</strong></span> <span class='ocrx_word' id='word_1_124' title='bbox 1884 3191 2014 3272; x_wconf 87' lang='lat' dir='ltr'><strong>Russel,</strong></span> <span class='ocrx_word' id='word_1_125' title='bbox 2048 3194 2104 3279; x_wconf 89' lang='lat' dir='ltr'><strong>qni</strong></span> 
     </span>
     <span class='ocr_line' id='line_1_19' title="bbox 1049 3292 2103 3383; baseline 0.002 -22"><span class='ocrx_word' id='word_1_126' title='bbox 1049 3319 1083 3361; x_wconf 85' lang='lat' dir='ltr'><strong>se</strong></span> <span class='ocrx_word' id='word_1_127' title='bbox 1107 3296 1195 3362; x_wconf 65' lang='lat' dir='ltr'><strong>‹lictu›</strong></span> <span class='ocrx_word' id='word_1_128' title='bbox 1219 3299 1419 3380; x_wconf 85' lang='lat' dir='ltr'><strong>praesentato</strong></span> <span class='ocrx_word' id='word_1_129' title='bbox 1442 3292 1607 3358; x_wconf 80' lang='lat' dir='ltr'><strong>maliciose</strong></span> <span class='ocrx_word' id='word_1_130' title='bbox 1630 3294 1777 3380; x_wconf 75' lang='lat' dir='ltr'><strong>opponit</strong></span> <span class='ocrx_word' id='word_1_131' title='bbox 1801 3315 1878 3361; x_wconf 89' lang='lat' dir='ltr'><strong>cum</strong></span> <span class='ocrx_word' id='word_1_132' title='bbox 1900 3295 1988 3361; x_wconf 89' lang='lat' dir='ltr'><strong>nihil</strong></span> <span class='ocrx_word' id='word_1_133' title='bbox 2018 3296 2103 3383; x_wconf 88' lang='lat' dir='ltr'><strong>juris</strong></span> 
     </span>
     <span class='ocr_line' id='line_1_20' title="bbox 1048 3395 2101 3486; baseline 0.008 -28"><span class='ocrx_word' id='word_1_134' title='bbox 1048 3406 1168 3486; x_wconf 68' lang='lat' dir='ltr'><strong>praeter</strong></span> <span class='ocrx_word' id='word_1_135' title='bbox 1191 3398 1440 3484; x_wconf 83' lang='lat' dir='ltr'><strong>occupationem</strong></span> <span class='ocrx_word' id='word_1_136' title='bbox 1464 3395 1653 3481; x_wconf 84' lang='lat' dir='ltr'><strong>sacrilegam</strong></span> <span class='ocrx_word' id='word_1_137' title='bbox 1676 3396 1799 3463; x_wconf 86' lang='lat' dir='ltr'><strong>habeat</strong></span> <span class='ocrx_word' id='word_1_138' title='bbox 1821 3397 1858 3461; x_wconf 91' lang='lat' dir='ltr'><strong>in</strong></span> <span class='ocrx_word' id='word_1_139' title='bbox 1881 3398 2006 3476; x_wconf 85' lang='lat' dir='ltr'><strong>eadem,</strong></span> <span class='ocrx_word' id='word_1_140' title='bbox 2029 3421 2101 3485; x_wconf 73' lang='lat' dir='ltr'><strong>quae</strong></span> 
     </span>
     <span class='ocr_line' id='line_1_21' title="bbox 1045 3498 2101 3586; baseline 0.001 -20"><span class='ocrx_word' id='word_1_141' title='bbox 1045 3504 1157 3567; x_wconf 85' lang='lat' dir='ltr'><strong>onmia</strong></span> <span class='ocrx_word' id='word_1_142' title='bbox 1192 3507 1226 3566; x_wconf 89' lang='lat' dir='ltr'><strong>et</strong></span> <span class='ocrx_word' id='word_1_143' title='bbox 1249 3499 1381 3586; x_wconf 84' lang='lat' dir='ltr'><strong>singula</strong></span> <span class='ocrx_word' id='word_1_144' title='bbox 1414 3503 1557 3562; x_wconf 82' lang='lat' dir='ltr'><strong>vestram</strong></span> <span class='ocrx_word' id='word_1_145' title='bbox 1590 3498 1801 3584; x_wconf 86' lang='lat' dir='ltr'><strong>prudentiam</strong></span> <span class='ocrx_word' id='word_1_146' title='bbox 1835 3501 2002 3566; x_wconf 88' lang='lat' dir='ltr'><strong>eredimus</strong></span> <span class='ocrx_word' id='word_1_147' title='bbox 2035 3524 2101 3568; x_wconf 90' lang='lat' dir='ltr'><strong>nou</strong></span> 
     </span>
     <span class='ocr_line' id='line_1_22' title="bbox 1044 3603 2099 3687; baseline 0.001 -18"><span class='ocrx_word' id='word_1_148' title='bbox 1044 3605 1154 3669; x_wconf 86' lang='lat' dir='ltr'><strong>latere.</strong></span> <span class='ocrx_word' id='word_1_149' title='bbox 1205 3603 1314 3683; x_wconf 81' lang='lat' dir='ltr'><strong>Quare</strong></span> <span class='ocrx_word' id='word_1_150' title='bbox 1339 3622 1398 3665; x_wconf 83' lang='lat' dir='ltr'><strong>ves</strong></span> <span class='ocrx_word' id='word_1_151' title='bbox 1422 3621 1592 3665; x_wconf 85' lang='lat' dir='ltr'><strong>monemus</strong></span> <span class='ocrx_word' id='word_1_152' title='bbox 1615 3606 1650 3665; x_wconf 93' lang='lat' dir='ltr'><strong>et</strong></span> <span class='ocrx_word' id='word_1_153' title='bbox 1674 3622 1826 3687; x_wconf 83' lang='lat' dir='ltr'><strong>rogamus</strong></span> <span class='ocrx_word' id='word_1_154' title='bbox 1858 3609 1893 3668; x_wconf 90' lang='lat' dir='ltr'><strong>et</strong></span> <span class='ocrx_word' id='word_1_155' title='bbox 1927 3603 2099 3670; x_wconf 83' lang='lat' dir='ltr'><strong>hortamur</strong></span> 
     </span>
     <span class='ocr_line' id='line_1_23' title="bbox 1042 3702 2099 3782; baseline 0.004 -12"><span class='ocrx_word' id='word_1_156' title='bbox 1042 3707 1078 3770; x_wconf 93' lang='lat' dir='ltr'><strong>in</strong></span> <span class='ocrx_word' id='word_1_157' title='bbox 1095 3704 1482 3782; x_wconf 84' lang='lat' dir='ltr'><strong>Domino‚nil1ilominus</strong></span> <span class='ocrx_word' id='word_1_158' title='bbox 1509 3703 1543 3765; x_wconf 94' lang='lat' dir='ltr'><strong>in</strong></span> <span class='ocrx_word' id='word_1_159' title='bbox 1559 3702 1685 3767; x_wconf 76' lang='lat' dir='ltr'><strong>virtute</strong></span> <span class='ocrx_word' id='word_1_160' title='bbox 1715 3704 1913 3771; x_wconf 66' lang='lat' dir='ltr'><strong>obedientiae</strong></span> <span class='ocrx_word' id='word_1_161' title='bbox 1938 3709 2099 3774; x_wconf 84' lang='lat' dir='ltr'><strong>mandan-</strong></span> 
     </span>
     <span class='ocr_line' id='line_1_24' title="bbox 1041 3807 2098 3897; baseline 0.002 -22"><span class='ocrx_word' id='word_1_162' title='bbox 1041 3818 1099 3888; x_wconf 85' lang='lat' dir='ltr'><strong>tes,</strong></span> <span class='ocrx_word' id='word_1_163' title='bbox 1116 3816 1278 3895; x_wconf 84' lang='lat' dir='ltr'><strong>quatenns</strong></span> <span class='ocrx_word' id='word_1_164' title='bbox 1317 3809 1444 3873; x_wconf 86' lang='lat' dir='ltr'><strong>dietum</strong></span> <span class='ocrx_word' id='word_1_165' title='bbox 1482 3810 1716 3891; x_wconf 67' lang='lat' dir='ltr'><strong>praesentatum</strong></span> <span class='ocrx_word' id='word_1_166' title='bbox 1740 3807 1879 3874; x_wconf 79' lang='lat' dir='ltr'><strong>indilate</strong></span> <span class='ocrx_word' id='word_1_167' title='bbox 1902 3812 2098 3897; x_wconf 84' lang='lat' dir='ltr'><strong>expediatis.</strong></span> 
     </span>
     <span class='ocr_line' id='line_1_25' title="bbox 1040 3909 2096 3997; baseline 0.003 -21"><span class='ocrx_word' id='word_1_168' title='bbox 1040 3913 1198 3997; x_wconf 79' lang='lat' dir='ltr'><strong>Aliequin</strong></span> <span class='ocrx_word' id='word_1_169' title='bbox 1221 3934 1294 3976; x_wconf 89' lang='lat' dir='ltr'><strong>eum</strong></span> <span class='ocrx_word' id='word_1_170' title='bbox 1319 3932 1371 3973; x_wconf 82' lang='lat' dir='ltr'><strong>res</strong></span> <span class='ocrx_word' id='word_1_171' title='bbox 1394 3910 1466 3994; x_wconf 86' lang='lat' dir='ltr'><strong>ipsa</strong></span> <span class='ocrx_word' id='word_1_172' title='bbox 1488 3929 1548 3971; x_wconf 87' lang='lat' dir='ltr'><strong>nos</strong></span> <span class='ocrx_word' id='word_1_173' title='bbox 1571 3909 1751 3995; x_wconf 87' lang='lat' dir='ltr'><strong>contingat,</strong></span> <span class='ocrx_word' id='word_1_174' title='bbox 1774 3932 1816 3975; x_wconf 93' lang='lat' dir='ltr'><strong>ne</strong></span> <span class='ocrx_word' id='word_1_175' title='bbox 1850 3911 1907 3996; x_wconf 89' lang='lat' dir='ltr'><strong>jus</strong></span> <span class='ocrx_word' id='word_1_176' title='bbox 1946 3919 2096 3979; x_wconf 89' lang='lat' dir='ltr'><strong>nostrum</strong></span> 
     </span>
     <span class='ocr_line' id='line_1_26' title="bbox 1040 4009 2096 4100; baseline 0.004 -23"><span class='ocrx_word' id='word_1_177' title='bbox 1040 4015 1204 4100; x_wconf 76' lang='lat' dir='ltr'><strong>negligere</strong></span> <span class='ocrx_word' id='word_1_178' title='bbox 1230 4013 1410 4086; x_wconf 58' lang='lat' dir='ltr'><strong>videanung</strong></span> <span class='ocrx_word' id='word_1_179' title='bbox 1439 4010 1496 4094; x_wconf 92' lang='lat' dir='ltr'><strong>qui</strong></span> <span class='ocrx_word' id='word_1_180' title='bbox 1523 4009 1604 4074; x_wconf 88' lang='lat' dir='ltr'><strong>alios</strong></span> <span class='ocrx_word' id='word_1_181' title='bbox 1632 4011 1666 4073; x_wconf 91' lang='lat' dir='ltr'><strong>in</strong></span> <span class='ocrx_word' id='word_1_182' title='bbox 1692 4031 1752 4075; x_wconf 89' lang='lat' dir='ltr'><strong>sua</strong></span> <span class='ocrx_word' id='word_1_183' title='bbox 1768 4012 1904 4096; x_wconf 82' lang='lat' dir='ltr'><strong>justitia</strong></span> <span class='ocrx_word' id='word_1_184' title='bbox 1919 4015 2096 4082; x_wconf 84' lang='lat' dir='ltr'><strong>confovere</strong></span> 
     </span>
     <span class='ocr_line' id='line_1_27' title="bbox 1039 4112 2094 4203; baseline 0.003 -22"><span class='ocrx_word' id='word_1_185' title='bbox 1039 4124 1200 4193; x_wconf 84' lang='lat' dir='ltr'><strong>tenemur,</strong></span> <span class='ocrx_word' id='word_1_186' title='bbox 1227 4116 1354 4180; x_wconf 77' lang='lat' dir='ltr'><strong>&lt;lictum</strong></span> <span class='ocrx_word' id='word_1_187' title='bbox 1381 4112 1551 4199; x_wconf 85' lang='lat' dir='ltr'><strong>negotium</strong></span> <span class='ocrx_word' id='word_1_188' title='bbox 1576 4113 1756 4177; x_wconf 86' lang='lat' dir='ltr'><strong>secundum</strong></span> <span class='ocrx_word' id='word_1_189' title='bbox 1775 4113 1862 4199; x_wconf 87' lang='lat' dir='ltr'><strong>juris</strong></span> <span class='ocrx_word' id='word_1_190' title='bbox 1891 4116 2094 4203; x_wconf 80' lang='lat' dir='ltr'><strong>exigentiam</strong></span> 
     </span>
     <span class='ocr_line' id='line_1_28' title="bbox 1039 4214 2094 4304; baseline 0.003 -20"><span class='ocrx_word' id='word_1_191' title='bbox 1039 4218 1261 4304; x_wconf 84' lang='lat' dir='ltr'><strong>expediemus.</strong></span> <span class='ocrx_word' id='word_1_192' title='bbox 1309 4215 1354 4278; x_wconf 88' lang='lat' dir='ltr'><strong>Et</strong></span> <span class='ocrx_word' id='word_1_193' title='bbox 1377 4236 1418 4278; x_wconf 89' lang='lat' dir='ltr'><strong>ne</strong></span> <span class='ocrx_word' id='word_1_194' title='bbox 1446 4236 1505 4298; x_wconf 91' lang='lat' dir='ltr'><strong>pro</strong></span> <span class='ocrx_word' id='word_1_195' title='bbox 1521 4214 1684 4278; x_wconf 89' lang='lat' dir='ltr'><strong>fructibus</strong></span> <span class='ocrx_word' id='word_1_196' title='bbox 1719 4219 1830 4300; x_wconf 74' lang='lat' dir='ltr'><strong>pentes</strong></span> <span class='ocrx_word' id='word_1_197' title='bbox 1853 4238 1913 4302; x_wconf 90' lang='lat' dir='ltr'><strong>per</strong></span> <span class='ocrx_word' id='word_1_198' title='bbox 1937 4239 2031 4286; x_wconf 83' lang='lat' dir='ltr'><strong>arma</strong></span> <span class='ocrx_word' id='word_1_199' title='bbox 2060 4227 2094 4286; x_wconf 87' lang='lat' dir='ltr'><strong>ct</strong></span> 
     </span>
     <span class='ocr_line' id='line_1_29' title="bbox 1035 4315 2092 4406; baseline 0.002 -20"><span class='ocrx_word' id='word_1_200' title='bbox 1035 4324 1126 4386; x_wconf 76' lang='lat' dir='ltr'><strong>rixae</strong></span> <span class='ocrx_word' id='word_1_201' title='bbox 1151 4319 1338 4406; x_wconf 82' lang='lat' dir='ltr'><strong>procedant,</strong></span> <span class='ocrx_word' id='word_1_202' title='bbox 1363 4318 1450 4401; x_wconf 90' lang='lat' dir='ltr'><strong>ipsos</strong></span> <span class='ocrx_word' id='word_1_203' title='bbox 1475 4316 1583 4401; x_wconf 81' lang='lat' dir='ltr'><strong>colligi</strong></span> <span class='ocrx_word' id='word_1_204' title='bbox 1610 4315 1748 4393; x_wconf 84' lang='lat' dir='ltr'><strong>faciatis,</strong></span> <span class='ocrx_word' id='word_1_205' title='bbox 1776 4323 1811 4382; x_wconf 88' lang='lat' dir='ltr'><strong>et</strong></span> <span class='ocrx_word' id='word_1_206' title='bbox 1848 4318 2002 4386; x_wconf 84' lang='lat' dir='ltr'><strong>collectos</strong></span> <span class='ocrx_word' id='word_1_207' title='bbox 2031 4325 2092 4388; x_wconf 90' lang='lat' dir='ltr'><strong>sub</strong></span> 
     </span>
     <span class='ocr_line' id='line_1_30' title="bbox 1033 4417 2092 4508; baseline 0 -19"><span class='ocrx_word' id='word_1_208' title='bbox 1033 4430 1107 4489; x_wconf 80' lang='lat' dir='ltr'><strong>aito</strong></span> <span class='ocrx_word' id='word_1_209' title='bbox 1129 4428 1297 4508; x_wconf 85' lang='lat' dir='ltr'><strong>sequestro</strong></span> <span class='ocrx_word' id='word_1_210' title='bbox 1320 4425 1430 4484; x_wconf 86' lang='lat' dir='ltr'><strong>vestro</strong></span> <span class='ocrx_word' id='word_1_211' title='bbox 1447 4417 1591 4503; x_wconf 89' lang='lat' dir='ltr'><strong>periculo</strong></span> <span class='ocrx_word' id='word_1_212' title='bbox 1622 4420 1774 4496; x_wconf 89' lang='lat' dir='ltr'><strong>teneatis,</strong></span> <span class='ocrx_word' id='word_1_213' title='bbox 1807 4441 1866 4505; x_wconf 91' lang='lat' dir='ltr'><strong>per</strong></span> <span class='ocrx_word' id='word_1_214' title='bbox 1890 4442 1950 4486; x_wconf 86' lang='lat' dir='ltr'><strong>nos</strong></span> <span class='ocrx_word' id='word_1_215' title='bbox 1984 4424 2014 4488; x_wconf 89' lang='lat' dir='ltr'><strong>ei</strong></span> <span class='ocrx_word' id='word_1_216' title='bbox 2050 4426 2092 4490; x_wconf 90' lang='lat' dir='ltr'><strong>ad</strong></span> 
     </span>
     <span class='ocr_line' id='line_1_31' title="bbox 1035 4521 2091 4612; baseline 0.003 -24"><span class='ocrx_word' id='word_1_217' title='bbox 1035 4548 1132 4612; x_wconf 87' lang='lat' dir='ltr'><strong>quem</strong></span> <span class='ocrx_word' id='word_1_218' title='bbox 1160 4529 1307 4609; x_wconf 86' lang='lat' dir='ltr'><strong>spectare</strong></span> <span class='ocrx_word' id='word_1_219' title='bbox 1332 4523 1551 4586; x_wconf 83' lang='lat' dir='ltr'><strong>dinoscuntur</strong></span> <span class='ocrx_word' id='word_1_220' title='bbox 1589 4521 1821 4586; x_wconf 78' lang='lat' dir='ltr'><strong>restituendos,</strong></span> <span class='ocrx_word' id='word_1_221' title='bbox 1868 4522 1966 4603; x_wconf 75' lang='lat' dir='ltr'><strong>Quid,</strong></span> <span class='ocrx_word' id='word_1_222' title='bbox 1981 4531 2091 4591; x_wconf 85' lang='lat' dir='ltr'><strong>autem</strong></span> 
     </span>
     <span class='ocr_line' id='line_1_32' title="bbox 1032 4622 2090 4714; baseline 0.003 -23"><span class='ocrx_word' id='word_1_223' title='bbox 1032 4650 1129 4714; x_wconf 87' lang='lat' dir='ltr'><strong>super</strong></span> <span class='ocrx_word' id='word_1_224' title='bbox 1152 4627 1217 4690; x_wconf 86' lang='lat' dir='ltr'><strong>hiis</strong></span> <span class='ocrx_word' id='word_1_225' title='bbox 1241 4625 1404 4690; x_wconf 74' lang='lat' dir='ltr'><strong>(inseritis</strong></span> <span class='ocrx_word' id='word_1_226' title='bbox 1426 4622 1622 4700; x_wconf 84' lang='lat' dir='ltr'><strong>faciendum,</strong></span> <span class='ocrx_word' id='word_1_227' title='bbox 1638 4624 1735 4689; x_wconf 87' lang='lat' dir='ltr'><strong>nobis</strong></span> <span class='ocrx_word' id='word_1_228' title='bbox 1749 4624 1834 4690; x_wconf 88' lang='lat' dir='ltr'><strong>citra</strong></span> <span class='ocrx_word' id='word_1_229' title='bbox 1848 4624 1969 4691; x_wconf 86' lang='lat' dir='ltr'><strong>festum</strong></span> <span class='ocrx_word' id='word_1_230' title='bbox 1986 4631 2090 4694; x_wconf 83' lang='lat' dir='ltr'><strong>sancti</strong></span> 
     </span>
     <span class='ocr_line' id='line_1_33' title="bbox 1032 4725 2085 4812; baseline 0.002 -20"><span class='ocrx_word' id='word_1_231' title='bbox 1032 4729 1203 4795; x_wconf 81' lang='lat' dir='ltr'><strong>Michaelis</strong></span> <span class='ocrx_word' id='word_1_232' title='bbox 1231 4750 1289 4812; x_wconf 87' lang='lat' dir='ltr'><strong>per</strong></span> <span class='ocrx_word' id='word_1_233' title='bbox 1319 4732 1446 4791; x_wconf 85' lang='lat' dir='ltr'><strong>vestras</strong></span> <span class='ocrx_word' id='word_1_234' title='bbox 1485 4725 1597 4789; x_wconf 85' lang='lat' dir='ltr'><strong>literas</strong></span> <span class='ocrx_word' id='word_1_235' title='bbox 1632 4730 1784 4810; x_wconf 89' lang='lat' dir='ltr'><strong>patentes</strong></span> <span class='ocrx_word' id='word_1_236' title='bbox 1817 4725 1936 4791; x_wconf 86' lang='lat' dir='ltr'><strong>harum</strong></span> <span class='ocrx_word' id='word_1_237' title='bbox 1971 4730 2085 4795; x_wconf 85' lang='lat' dir='ltr'><strong>seriem</strong></span> 
     </span>
     <span class='ocr_line' id='line_1_34' title="bbox 1028 4828 1728 4915; baseline -0.01 -16"><span class='ocrx_word' id='word_1_238' title='bbox 1028 4833 1236 4899; x_wconf 83' lang='lat' dir='ltr'><strong>continentes</strong></span> <span class='ocrx_word' id='word_1_239' title='bbox 1263 4829 1462 4915; x_wconf 81' lang='lat' dir='ltr'><strong>significetis.</strong></span> <span class='ocrx_word' id='word_1_240' title='bbox 1509 4828 1645 4903; x_wconf 89' lang='lat' dir='ltr'><strong>Datum,</strong></span> <span class='ocrx_word' id='word_1_241' title='bbox 1669 4832 1728 4892; x_wconf 87' lang='lat' dir='ltr'><strong>ete.</strong></span> 
     </span>
    </p>
   </div>
   <div class='ocr_carea' id='block_1_11' title="bbox 1307 5014 1808 5023">
    <p class='ocr_par' dir='ltr' id='par_1_12' title="bbox 1307 5014 1808 5023">
     <span class='ocr_line' id='line_1_35' title="bbox 1307 5014 1808 5023; baseline -0.004 -1"><span class='ocrx_word' id='word_1_242' title='bbox 1307 5014 1808 5023; x_wconf 67' lang='lat'><em>-———..--.—————.-—-——-</em></span> 
     </span>
    </p>
   </div>
   <div class='ocr_carea' id='block_1_12' title="bbox 0 0 2692 6359">
    <p class='ocr_par' dir='ltr' id='par_1_13' title="bbox 0 0 2692 6359">
     <span class='ocr_line' id='line_1_36' title="bbox 0 0 2692 6359; baseline 0 23"><span class='ocrx_word' id='word_1_243' title='bbox 0 0 2692 6359; x_wconf 95' lang='lat' dir='ltr'><strong> </strong></span> 
     </span>
    </p>
   </div>
  </div>
 </body>
</html>
