5375 6359
2296 1037 2428 1101 130
2731 1112 2736 1116 ,
2791 1051 3131 1101 Ems'rouss
3174 1052 3523 1102 JOHANNIS
3570 1051 3920 1102 recum.

1960 1241 2200 1305 jurinlia-
2303 1237 2516 1301 fonne
2558 1238 2958 1323 protulimus
3002 1246 3234 1306 contra
3262 1262 3488 1305 omnes
3538 1240 3685 1304 illos
3715 1238 3830 1325 qui
3884 1258 4263 1324 processum

1964 1309 2096 1425 ’ἔῃ-πῄ
2120 1381 2180 1425 23.
2204 1377 2260 1425 h*
2308 1339 2641 1405 sitationis
2694 1345 2938 1405 nostrae
2997 1348 3230 1407 contra
3267 1342 3605 1427 justitiam
3650 1340 4074 1426 aliquatenus
4137 1340 4290 1425 imp«

2308 1448 2472 1505 rent„
2566 1439 2869 1526 Cumque
2914 1442 3354 1527 postmodum,
3402 1444 3474 1507 in
3535 1464 3839 1529 processu
3884 1447 4130 1507 nostrae
4183 1441 4290 1505 vis

2308 1545 2524 1621 tionis,
2571 1544 2870 1609 canonici
2918 1543 2999 1609 de
3032 1544 3302 1610 Pencriz
3346 1566 3423 1610 ac
3458 1544 3739 1609 aliarum
3787 1543 4189 1631 capellarum
4225 1565 4290 1607 n«

2308 1645 2722 1721 aisiamenta,
2769 1650 2838 1710 et
2872 1645 3326 1731 jurisdictioni
3374 1652 3618 1711 nostrae
3663 1645 4216 1721 contradicerent,
4245 1666 4290 1708 n

2306 1769 2424 1833 pro
2488 1747 2591 1810 sui
2656 1748 3080 1832 exemptione
3142 1747 3272 1811 nisi
3336 1747 3650 1812 frivolum
3697 1747 4140 1826 ostendentes,
4186 1768 4290 1832 qua

2308 1869 2504 1933 quam
2551 1847 2637 1912 ad
2682 1847 2809 1912 hoc
2841 1849 3044 1913 variis
3088 1848 3498 1933 temporibus
3543 1847 3866 1915 haberent
3905 1849 4208 1915 inducias
4244 1870 4290 1913 c«

2304 1957 2644 2035 petentes3
2710 1970 2833 2013 nos
2900 1971 3127 2014 omnes
3188 1949 3380 2014 nobis
3440 1950 3688 2035 injuste
3735 1950 4097 2015 contrarios
4159 1950 4233 2014 in

2304 2056 2492 2137 parte
2540 2051 3128 2136 pronunciavimus
3197 2052 3269 2115 in
3332 2052 3669 2137 praedictae
3714 2051 4290 2117 excommunicati(

2303 2153 2625 2241 perlatam
2670 2154 3076 2218 sententiam
3123 2153 3452 2229 incidisse,
3497 2173 3696 2238 quam
3759 2153 4164 2219 sententiam
4228 2174 4290 2216 m

2304 2257 2609 2321 (lavimus
2641 2280 2761 2345 per
2788 2258 3181 2343 magistrum
3202 2256 3592 2342 Philippum
3613 2256 3697 2321 de
3727 2256 4084 2333 Cornubia,
4107 2256 4290 2323 cleric

2302 2366 2621 2437 nostrum,
2647 2381 2862 2426 coram
2913 2359 3167 2444 judicio
3200 2358 3543 2446 publicari,
3589 2379 3710 2424 nec
3754 2358 4083 2424 credimus
4125 2359 4290 2445 aliqt

2304 2461 2685 2546 hujusmodi
2732 2461 2926 2547 ligari
2995 2461 3347 2536 sententia,
3394 2460 3525 2524 nisi
3590 2460 3707 2545 qui
3771 2481 3919 2525 cum
3987 2482 4109 2526 sua
4169 2460 4290 2547 injt

2304 2565 2548 2629 nititur
2590 2567 2836 2627 nostrae
2874 2561 3159 2647 justitiae
3205 2561 3532 2647 derogare.
3627 2560 3820 2640 Quod
3868 2563 3925 2625 si
3976 2562 4222 2627 dictam
4267 2584 4290 2626 ε

2304 2665 2586 2729 tentiam
2632 2664 2852 2730 dictus
2898 2662 3172 2729 clericus
3216 2669 3441 2728 noster
3484 2662 4026 2748 promulgaverit,
4090 2685 4239 2729 eam

2304 2765 2633 2833 seruitum
2699 2764 2956 2829 viribus
3024 2764 3297 2828 omnino
3360 2784 3579 2829 carere
3645 2784 3987 2848 quousque
4033 2785 4233 2849 super

2305 2869 2496 2933 vobis
2528 2865 2924 2951 colloquium
2970 2864 3415 2940 habuerimuS,
3445 2864 3621 2950 quod
3666 2864 3795 2929 erit
3826 2864 4090 2930 volente
4125 2865 4290 2930 Dom

2304 2969 2376 3029 in
2424 2964 2725 3053 proximo
2772 2964 3224 3049 parliamento,
3317 2962 3553 3029 Valete
3599 2963 3671 3027 in
3714 2962 3983 3028 Christo
4027 2969 4097 3028 et
4139 2963 4290 3049 Virg

2300 3069 2598 3153 gloriosa.
2690 3064 2941 3129 Datum
3003 3064 3183 3150 apud
3228 3063 3781 3151 Framyngeham,
3827 3065 3942 3129 vii.
3986 3064 4118 3131 kal.
4168 3064 4290 3130 Ma]

2296 3166 2809 3237 enumerationis
2852 3171 3099 3231 nostrae
3144 3186 3323 3231 anno
3368 3167 3584 3233 tertio.

3270 3536 3438 3604 CLI.

3074 3688 3174 3752 To
3221 3688 3533 3752 EDwARD
3581 3688 3633 3753 Ι.

2016 3821 2224 3889 [ΗΕΒ]
2392 3823 2452 3885 A
2500 3819 2802 3886 treshaut
2861 3819 3085 3905 prince
3147 3841 3182 3883 e
3238 3841 3574 3905 seyngnur
3642 3813 3953 3896 Edward,
3999 3818 4146 3882 Deu
4213 3840 4290 3905 gr

1964 3889 2256 4033 ἓξὲξ-Ξ]
2300 3945 2420 4009 roy
2492 3925 2570 3989 de
2640 3922 3013 4008 Engletere,
3084 3927 3225 3998 etc„
3291 3922 3458 3986 frere
3526 3921 3677 3998 Jan,
3755 3926 3893 3998 etc„
3975 3920 4138 3998 Sire,
4215 3943 4290 3987 sa

1964 4049 2052 4113 5¹13
2072 4025 2276 4097 ffiessffi-
2300 4033 2520 4091 vostre
2566 4025 2876 4090 hautesce
2940 4024 3027 4088 ke
3077 4029 3287 4109 quant
3336 4024 3447 4108 jeo
3509 4029 3744 4107 entrey
3798 4044 3882 4087 en
3935 4022 4266 4107 chapistre

1960 4117 2236 4233 33⁰³ss
2304 4129 2641 4193 Cuvsntru
2706 4150 2741 4191 e
2806 4128 2888 4191 de
2954 4125 3352 4211 Lychefeud‚
3402 4147 3591 4211 apres
3644 4125 3719 4210 jo
3771 4125 3964 4189 solun
4024 4124 4091 4188 la
4143 4145 4290 4189 man

1964 4249 2048 4297 the
2072 4245 2240 4313 lainga
2300 4233 2381 4297 (le
2444 4252 2562 4294 nos
2623 4228 3077 4314 predecessurs
3140 4228 3547 4313 escuminiay
3597 4232 3883 4291 trestous
3945 4247 4097 4291 ceus
4159 4225 4262 4311 ky

1960 4313 2256 4446 ffissgffl
2300 4355 2532 4421 pruses
2578 4332 2660 4395 de
2707 4352 2814 4394 ma
2847 4331 3206 4395 visitaciun
3238 4330 3750 4394 desturbireient
3779 4350 3820 4393 a
3851 4334 4004 4404 tort,
4038 4349 4073 4391 e
4120 4349 4290 4414 avey

1956 4445 2070 4497 ibat
2094 4448 2160 4497 he
2300 4457 2543 4521 parpes
2582 4454 2623 4497 a
2668 4454 2892 4518 passer
2923 4454 3040 4494 vos
3073 4429 3374 4516 chapeles
3419 4453 3540 4517 par
3578 4430 3824 4515 prieres
3856 4452 3890 4493 e
3921 4451 4042 4513 par
4087 4450 4290 4495 mana

1956 4513 2272 4641 'ffivgdffihim
2300 4557 2424 4621 pur
2470 4533 2536 4597 ls.
2602 4554 2949 4598 reverence
2997 4532 3078 4596 de
3142 4554 3286 4609 vus,
3334 4537 3486 4597 tant
3545 4532 3633 4595 ke
3678 4531 3728 4593 il
3791 4552 3897 4594 me
3942 4530 4144 4596 firent
4188 4531 4290 4596 des

1960 4645 2020 4721 qs
2036 4645 2116 4693 his
2164 4709 2176 4721 .
2296 4657 2416 4721 par
2464 4656 2707 4721 speaus
2754 4656 2789 4698 e
2835 4656 2957 4719 par
3001 4638 3191 4698 autre
3237 4633 3498 4699 choses:
3543 4654 3672 4717 pur
3730 4631 3796 4695 la
3856 4653 4031 4717 queu
4084 4632 4281 4698 chose

1956 4709 2259 4845 &gagg-¹¹¹
2296 4761 2416 4825 par
2472 4737 2673 4801 forme
2729 4736 2810 4800 de
2867 4736 3042 4800 dreit
3086 4735 3462 4819 denunciay
3509 4734 3593 4797 ke
3655 4733 3705 4795 il
3767 4733 4053 4797 estoient
4098 4733 4279 4798 cheit

1958 4840 2115 4893 ment,
2296 4849 2602 4905 sentence
2668 4859 2796 4922 pur
2859 4837 2922 4901 le
2986 4837 3226 4922 despit,
3279 4857 3439 4900 sanz
3500 4834 3771 4899 blesmir
3830 4834 3913 4898 de
3959 4835 4135 4898 riens
4182 4855 4290 4899 vos

1959 4909 2024 4961 E-
2048 4909 2188 4961 *²⁹⁵*
2296 4940 2693 5017 fraunchise‚
2741 4939 2798 5005 si
2845 4960 3027 5007 come
3081 4939 3156 5024 jo
3209 4938 3358 5019 orei,
3405 4960 3440 5002 e
3509 4933 3572 5011 io
3637 4937 3697 5001 le
3752 4958 3876 5001 vus
3942 4937 4284 5014 musterai,
