5375 6359
1076 1106 1209 1159 urrann
1231 1109 1377 1159 Joauurs
1401 1104 1577 1159 rucanas.
1814 1095 1855 1160 39

806 1301 970 1382 quantum
994 1317 1167 1383 possumus
1189 1320 1342 1386 rogamus
1359 1305 1394 1364 et
1416 1300 1452 1362 in
1470 1297 1613 1364 Domino
1634 1297 1857 1374 exhortamur,
1870 1308 2010 1372 comparat

807 1403 972 1483 quatenus
994 1399 1168 1465 clamorem
1191 1401 1249 1487 qni
1280 1406 1396 1467 contra
1418 1423 1478 1466 vos
1501 1407 1552 1466 est
1581 1400 1716 1466 habitus
1739 1421 1760 1465 a
1781 1399 1858 1463 sub·
1871 1375 2005 1492 ξξζξξῦἷξξ

808 1499 890 1565 ditis
922 1502 1041 1567 vestris
1072 1524 1172 1589 super
1204 1503 1404 1569 intolerabili
1439 1526 1574 1569 excessu
1608 1504 1752 1568 ferarum
1786 1525 1859 1567 ves·
1872 1510 1991 1573 quantity
2000 1507 2026 1556 ⁰¹

808 1608 936 1668 tratum
967 1626 1025 1669 seu
1048 1604 1228 1671 bestiarum
1259 1604 1396 1672 sedare¹
1431 1606 1619 1682 velitisne]
1642 1611 1858 1693 augmentum
1872 1591 1990 1691 {paeon

1901 1643 1993 1691 sland.

809 1704 942 1772 honeris
979 1713 1015 1772 et
1051 1708 1148 1774 famae
1192 1715 1312 1774 vestrae
1351 1731 1425 1774 cum
1464 1709 1587 1774 eisdem
1627 1708 1778 1784 subditis,
1817 1708 1858 1772 ad
1874 1733 2028 1782 [aalma

810 1808 950 1875 salutem
988 1811 1109 1876 animae
1148 1816 1268 1877 vestire
1317 1812 1574 1877 misericorditer
1612 1818 1647 1876 et
1688 1800 2029 1875 humiliore-falb·

810 1912 1042 1998 componenda,
1065 1913 1277 1980 advertentes
1315 1916 1405 1999 quod
1439 1938 1498 2001 per
1535 1915 1727 2000 hujusmodi
1766 1914 1860 2000 quasi
1895 1947 1905 1953 ·>

811 2013 905 2080 vebis
926 2014 1061 2081 inutilia
1082 2038 1150 2083 non
1173 2017 1267 2081 decet
1290 2023 1418 2082 vestros
1440 2018 1606 2102 subjectos
1629 2017 1794 2103 affligere;
1818 2016 1859 2081 ad
1961 2023 1963 2028 '
1999 2005 2002 2012 ’

812 2137 950 2202 quorum
973 2118 1210 2203 protectionem
1224 2126 1275 2208 ,et
1308 2121 1456 2207 regimen
1490 2119 1658 2197 tenemini,
1682 2142 1756 2186 eum
1780 2142 1862 2205 epus

812 2218 912 2284 inerit
933 2241 1051 2285 manus
1073 2221 1251 2286 extendere
1274 2244 1317 2286 ex
1339 2222 1628 2287 administratione
1649 2244 1749 2307 quam
1769 2222 1863 2285 vebis

813 2321 1003 2387 Altisaimus
1025 2323 1125 2389 <luxit
1147 2324 1374 2411 temperaliter
1396 2325 1475 2389 dum
1503 2326 1566 2389 sibi
1591 2324 1752 2411 placuerit
1776 2346 1861 2389 com-

814 2425 1018 2492 mittendam.

1272 2916 1416 2982 XXXII.

1019 3072 1069 3140 To
1093 3091 1164 3139 rna
1187 3073 1320 3139 Bianor
1343 3093 1387 3139 or
1411 3075 1657 3142 Wrucuasraa.

862 3201 1050 3269 Venerabili
1083 3202 1188 3280 fratri,
1212 3207 1285 3282 etc,
1315 3203 1470 3289 episeopo
1504 3203 1749 3288 Wyntoniensi‚
1781 3201 1868 3266 salu·
1882 3212 2009 3262 Concam-

819 3310 885 3371 tem
907 3310 942 3372 et
964 3306 1119 3371 fraternae
1151 3306 1301 3370 caritatis
1334 3306 1371 3368 in
1390 3304 1532 3371 Domine
1558 3329 1687 3392 semper
1713 3273 2038 3394 augmen-ffifitfflfcid'

819 3411 898 3473 tum.
958 3407 1191 3473 Intelleximus
1224 3408 1290 3471 hiis
1326 3407 1443 3471 diebus
1467 3409 1556 3493 quod
1580 3409 1632 3473 W.
1658 3409 1698 3472 de
1745 3459 1750 3471 .
1799 3459 1805 3472 .
1852 3404 1872 3470 ,2
1884 3421 1909 3461 to
1921 3407 2023 3487 ecelesi-

819 3516 913 3575 extra
935 3510 1107 3575 Gildeford
1137 3532 1158 3573 a
1191 3510 1378 3575 latronibus
1401 3511 1605 3587 vulneratus
1629 3512 1664 3574 in
1688 3533 1753 3595 quo
1777 3476 2014 3607 erant²„¹2{J¹1⁰ss³t¹u„e

819 3612 913 3699 signa
934 3613 1143 3699 paenitentiae
1166 3613 1352 3688 manifesta,
1383 3635 1458 3678 cum
1493 3614 1696 3677 sacerdotem
1720 3614 1773 3677 cui
1797 3613 2008 3705 con-Mareu

821 3714 976 3791 litaretur,
999 3715 1141 3801 petierit,
1166 3721 1201 3780 et
1223 3716 1310 3779 sicut
1333 3716 1446 3800 potuit
1470 3716 1504 3777 in
1539 3716 1595 3778 tali
1621 3716 1771 3792 articulo,
1796 3738 1872 3780 cen-
1886 3678 2009 3805 iiiiii}

820 3816 942 3884 diderit
976 3823 1223 3883 testamentum.
1286 3816 1435 3881 Tandem
1475 3824 1579 3881 morte
1626 3824 1873 3903 preoccupatus
1886 3811 2042 3925 wibiffimd

822 3918 988 4006 inprovisa
1012 3921 1048 3984 in
1071 3925 1177 3985 sirau
1198 3920 1332 4005 publiea
1365 3920 1495 3984 obtinet
1525 3919 1737 4005 sepulturam.
1786 3921 1873 4000 Qua.
1887 3892 2021 3993 pmcne

822 4027 955 4108 propter
991 4022 1235 4087 fraternitatem
1269 4026 1415 4086 vestram
1447 4020 1672 4097 exhortamur,
1711 4045 1872 4109 rogamus,
1887 4012 1991 4112 ΜΡ

822 4131 856 4189 et
884 4125 1080 4190 mandamus
1103 4130 1267 4210 quatenus
1299 4145 1400 4209 super
1433 4123 1495 4188 hec
1528 4124 1740 4209 inquirentes,
1764 4126 1791 4189 si
1815 4146 1873 4210 per
1887 4093 2036 4210 }]fs2i2}⁸f‚·

822 4226 1049 4312 probationem
1072 4226 1205 4313 plenam
1229 4225 1283 4292 vel
1318 4225 1533 4311 semiplenam
1570 4227 1766 4291 invencritis
1790 4249 1873 4312 pree·

822 4328 921 4395 missa
944 4330 1086 4395 veritate
1109 4329 1228 4405 fulciri,
1250 4327 1477 4414 supradictum
1494 4328 1874 4395 transcensurum

824 4430 1027 4518 sepulturam
1050 4431 1227 4498 admittere
1250 4452 1317 4496 non
1341 4430 1487 4496 tardetis.

859 4719 983 4786 hedua]
1004 4720 1103 4780 cedere,
1115 4720 1149 4771 A.
1348 4717 1353 4786 Ι
1401 4718 1411 4752 ²
1427 4718 1471 4769 Sic
1482 4720 1509 4769 in
1521 4720 1552 4769 R.
1564 4739 1570 4779 ;
1583 4722 1599 4748 ‘⁶
1607 4720 1655 4770 B.''
1667 4718 1693 4769 in
1706 4718 1741 4769 A.
