5375 6359
754 4779 824 4828 tris.

733 4845 763 4893 Ιῗ
781 4844 845 4906 abug.

711 4924 804 4974 (rues

711 4989 779 5040 rbem
792 4998 818 5040 te

870 1044 913 1110 56
1146 1057 1279 1107 tum
1300 1058 1449 1107 cosme
1471 1059 1646 1108 muru.

867 1271 928 1337 per
963 1249 1135 1314 saeculares
1172 1270 1272 1335 snper
1308 1249 1373 1314 hoe
1418 1251 1544 1315 verius
1581 1251 1779 1335 inquiretur.
1836 1252 1921 1315 Item

869 1359 980 1416 utrum
1004 1351 1108 1415 ubbes
1130 1359 1206 1436 post
1228 1353 1603 1416 excommunicationem
1637 1352 1826 1436 hujusmodi
1855 1375 1923 1415 mo-

869 1452 996 1517 nitione
1027 1473 1095 1516 non
1124 1453 1300 1537 ‹prmmisss
1332 1453 1435 1516 iatam
1471 1454 1601 1537 publice
1640 1455 1856 1518 immiscuerit
1888 1477 1922 1517 se

870 1553 1004 1618 divinis
1049 1553 1095 1618 Et
1116 1554 1144 1617 si
1169 1554 1363 1617 invenietur
1384 1554 1473 1637 quod
1496 1555 1619 1638 injuste
1643 1555 1696 1618 rel
1728 1554 1810 1618 elius
1837 1557 1924 1638 juris

871 1654 986 1720 ordine
1019 1675 1086 1720 nen
1119 1662 1251 1720 servato
1285 1656 1320 1718 in
1353 1655 1528 1740 praefatum
1563 1656 1760 1721 menaehem
1795 1678 1924 1721 excom·

871 1757 1106 1822 munientionis
1139 1758 1339 1821 sententium
1375 1756 1562 1841 protulerit
1593 1757 1777 1843 injungatis
1810 1757 1924 1821 ebbeti

870 1859 959 1945 qued
993 1881 1068 1925 eum
1103 1859 1256 1925 sisolvct
1280 1858 1332 1923 vel
1356 1860 1536 1924 denunciet
1566 1880 1634 1923 non
1657 1860 1807 1946 ligatum.
1852 1859 1925 1922 Ali-

870 1961 973 2047 oquin
1017 1982 1078 2027 res
1123 1961 1210 2026 idem
1252 1962 1338 2027 circe
1378 1962 1486 2047 ipsum
1531 1984 1682 2027 exercere
1716 1963 1788 2026 sine
1826 1984 1925 2026 morae

870 2061 1044 2149 dispendio
1086 2062 1258 2141 studeatis,
1296 2065 1391 2149 cujus
1429 2064 1524 2129 vobis
1567 2072 1680 2128 tenere
1712 2065 1924 2150 praesentium

870 2166 1080 2232 contudimus
1103 2167 1304 2243 fucultatem,
1327 2168 1446 2232 ceteris
1464 2168 1550 2232 circe
1573 2169 1678 2253 ipsum
1702 2167 1925 2232 excommuni-

870 2269 1034 2335 cationem
1058 2290 1117 2355 per
1141 2291 1199 2334 vos
1231 2270 1371 2355 repertis
1402 2269 1498 2333 nobis
1532 2270 1719 2353 specialiter
1741 2270 1926 2334 reservetis,

873 2369 943 2436 Nos
966 2378 1077 2436 cutem
1103 2378 1229 2436 vestrus
1252 2372 1287 2434 in
1310 2369 1373 2435 hcc
1394 2376 1490 2455 perte
1512 2371 1729 2435 conscientias
1752 2378 1926 2436 onerantes

871 2472 914 2539 ud
945 2472 1188 2561 inquirendum,
1219 2481 1259 2536 ut
1290 2472 1487 2558 praedictum
1523 2479 1582 2549 est,
1617 2494 1717 2558 super
1748 2473 1927 2558 preemissis

871 2567 1025 2642 omnibus
1062 2582 1097 2641 ct
1129 2573 1246 2641 ceteris
1283 2582 1410 2639 statum
1443 2579 1479 2639 et
1510 2575 1776 2640 reformationem
1810 2576 1926 2639 demus

873 2678 1039 2765 prtedictae
1078 2677 1363 2764 qualitercumque
1401 2678 1680 2762 contingentibus,
1718 2676 1813 2742 vobis
1851 2699 1926 2742 cem

871 2780 1036 2848 mnonicae
1058 2780 1235 2847 coertionis
1250 2785 1416 2866 potestate
1430 2776 1669 2845 committimus
1685 2779 1773 2843 vices
1787 2787 1927 2856 nostres,

872 2874 1036 2970 quittenes
1058 2881 1154 2948 nobis
1176 2882 1263 2948 infru
1292 2886 1428 2947 octavus
1450 2881 1525 2945 festi
1549 2879 1707 2945 Omnium
1731 2880 1926 2947 Sanctorum

872 2984 1021 3072 proxime
1043 2984 1159 3061 futuri,
1175 3005 1234 3070 per
1256 2984 1382 3050 dictum
1399 2983 1536 3048 fratrem
1557 2983 1740 3047 Robertum
1755 2982 1809 3049 vel
1824 2982 1927 3047 elium

872 3086 1002 3154 fidelem
1036 3088 1194 3152 nuncium
1226 3086 1331 3152 literis
1370 3086 1489 3150 vestris
1526 3085 1773 3150 continentibus
1809 3083 1927 3150 hurum

873 3188 988 3255 seriem
1013 3188 1175 3255 intimetis
1200 3187 1343 3253 fideliter
1375 3186 1456 3272 quid
1488 3186 1631 3251 feceritis
1665 3194 1700 3252 et
1734 3187 1928 3252 inveneritis

873 3290 909 3356 in
936 3289 1114 3378 premissis
1145 3311 1184 3357 sc
1217 3289 1357 3375 siugulis
1388 3288 1640 3374 premissorum.
1688 3289 1758 3353 Nee
1792 3289 1927 3374 permit·

874 3392 954 3459 tetis
987 3391 1140 3460 abbatem
1172 3413 1310 3478 giuvere
1349 3390 1525 3456 monaches
1556 3390 1659 3457 denec
1693 3412 1752 3476 per
1783 3399 1926 3455 vestrum

874 3494 1122 3580 inquisitionem
1146 3494 1241 3558 uobis
1273 3492 1460 3558 eonstiterit
1483 3492 1524 3556 de
1547 3493 1732 3577 pnemissis.
1779 3493 1875 3573 Quod
1899 3494 1926 3557 si

874 3597 948 3681 quis
970 3596 1150 3661 advocatus
1176 3595 1226 3661 vel
1261 3595 1347 3661 ulius
1382 3615 1567 3679 processum
1592 3602 1739 3659 vestrum
1774 3595 1809 3657 in
1844 3616 1926 3679 prec-

875 3697 972 3764 dietis
995 3697 1158 3762 malitiose
1181 3697 1274 3761 nisus
1305 3696 1407 3761 fucrit
1438 3696 1607 3781 impedire,
1631 3698 1737 3782 ipsum
1770 3697 1927 3761 cunenieu

874 3798 1055 3865 monitione
1090 3799 1259 3885 puemisee
1281 3798 1385 3862 denec
1407 3821 1427 3862 a
1450 3797 1510 3863 tuli
1546 3800 1802 3883 pnesumptiene
1826 3800 1928 3864 desti·

874 3901 961 3980 terit
979 3901 1176 3967 arroteritute
1199 3906 1312 3965 nostru
1336 3901 1626 3965 excommunicetis
1649 3901 1778 3986 publice
1801 3905 1836 3965 et
1851 3923 1925 3965 eum

875 4003 1002 4070 fecistis
1025 4004 1067 4070 ub
1090 4003 1242 4068 erunibus
1264 4002 1387 4068 arctius
1410 4003 1537 4068 evitari.
1572 4002 1697 4067 Datum
1712 4004 1801 4088 apud
1825 4004 1928 4068 Morte

876 4106 933 4183 lue,
970 4107 1011 4171 xi.
1045 4106 1110 4171 kei.
1135 4104 1347 4190 Septembris,
1379 4125 1467 4169 enne
1499 4104 1633 4170 Domini
1669 4104 1799 4171 ucelxx.
1832 4126 1929 4183 none,

874 4207 1129 4277 consecutionis
1151 4214 1273 4272 nostrus
1295 4207 1411 4291 primo.

1323 4518 1445 4584 xtlrt

1011 4650 1061 4714 ‘l'u
1084 4666 1154 4714 run
1178 4648 1310 4712 Puieur
1335 4666 1379 4712 or
1403 4648 1626 4713 Hunnrensu
1650 4648 1793 4713 Cssrun

923 4765 1037 4833 Fiuter
1075 4764 1286 4850 qmamnq,
1309 4770 1380 4840 etc,
1403 4764 1567 4850 prierissae
1604 4769 1639 4829 et
1673 4765 1853 4831 conventui
1888 4766 1928 4829 dc

878 4867 1132 4957 Hygbtingbum
1150 4866 1269 4943 (Tostri,
1292 4872 1352 4933 ete
1385 4865 1558 4931 Puruentes
1579 4866 1620 4931 ad
1644 4887 1788 4953 pnusens
1811 4872 1929 4931 vestrm

876 4971 1092 5058 simplicitati,
1125 4991 1223 5056 super
1260 4992 1298 5034 eu
1336 4968 1423 5054 quod
1462 4970 1505 5034 ed
1540 4970 1736 5034 mundatum
1768 4976 1919 5035 nostmm
