5375 6359
845 986 850 993 ⁸
888 1012 930 1074 34
1166 1020 1299 1069 Ll'l'ERAE
1322 1019 1470 1067 JOANNIS
1495 1019 1669 1068 PECKHAM.

887 1231 1068 1295 numquam
1092 1208 1319 1274 committatur
1351 1208 1559 1293 pcenitentia,
1583 1212 1618 1273 et
1651 1229 1711 1294 pro
1742 1208 1807 1294 piis
1839 1210 1947 1275 causis

889 1313 991 1378 etiam
1014 1334 1090 1398 pars
1113 1311 1226 1396 aliqua
1249 1311 1409 1395 injunctae
1433 1311 1640 1396 poenitentiae
1655 1311 1834 1377 relaxatur.
1875 1313 1947 1376 Nos

890 1417 1003 1501 igitur,
1027 1416 1237 1479 attendentes
1261 1413 1554 1478 Christianissimcn
1578 1413 1756 1478 illustrium
1785 1436 1823 1479 ac
1853 1414 1946 1478 illus-

891 1502 1045 1583 trissimae
1069 1516 1333 1581 Christianarum
1355 1515 1481 1592 merita,
1502 1516 1644 1581 dominae
1667 1517 1793 1581 scilicet
1816 1516 1948 1582 Beatri·

891 1621 938 1686 cis
970 1620 1049 1683 filice
1084 1617 1261 1683 recolendae
1295 1618 1461 1682 memoriae
1492 1617 1627 1693 domini,
1651 1618 1784 1698 scilicet,
1808 1620 1947 1683 Henrici

892 1723 956 1787 Dei
979 1721 1088 1807 gratia
1110 1719 1277 1804 quondam
1310 1719 1396 1805 regis
1419 1718 1560 1806 Angliae,
1584 1720 1678 1805 cujus
1701 1720 1844 1786 dominre
1867 1722 1947 1784 irre.-

892 1824 1121 1911 prehcnsibilis
1144 1822 1298 1886 honestas
1330 1843 1483 1907 magnam
1506 1823 1622 1887 mundi
1656 1823 1867 1889 latitudinem
1892 1825 1947 1889 dc-

893 1927 1027 2002 coravit,
1051 1931 1091 1989 ut
1116 1925 1333 2010 suffragemur
1358 1924 1406 1986 illi
1437 1925 1465 1986 si
1500 1925 1587 1988 forte
1617 1929 1720 2011 egeat,
1743 1948 1781 1991 ac
1815 1933 1948 1992 orantes

893 2030 936 2093 ad
968 2028 1136 2114 proprium
1168 2027 1376 2092 commodum
1400 2026 1590 2103 excitemus,
1614 2028 1777 2092 universis
1805 2030 1948 2096 subditis

893 2131 1015 2196 nostris
1031 2136 1066 2195 et
1080 2130 1164 2206 aliis,
1179 2151 1318 2215 quorum
1335 2129 1368 2193 id
1386 2129 1515 2214 praelati
1530 2130 1761 2196 ratificamlum
1779 2134 1946 2213 duxerint,

854 2309 857 2313 A
893 2232 1046 2300 contritis
1081 2233 1244 2298 veraciter
1266 2238 1300 2296 et
1330 2231 1496 2308 confessis,
1529 2234 1587 2317 qni
1610 2255 1669 2319 pro
1700 2235 1805 2320 ipsius
1835 2238 1949 2303 anima

894 2336 1076 2402 orationem
1093 2334 1301 2399 Dominicam
1318 2355 1393 2398 cum
1412 2333 1611 2398 salutatione
1634 2336 1784 2420 gloriosae
1800 2338 1948 2425 Virginis

894 2439 1013 2503 devote
1036 2438 1193 2513 dixerint,
1216 2437 1269 2499 vcl
1293 2435 1358 2500 alio
1381 2436 1478 2499 modo
1501 2436 1667 2502 instanter
1689 2442 1866 2517 oraverint,
1889 2464 1947 2506 seu

894 2541 930 2604 in
968 2539 1103 2605 ecclesia
1150 2538 1303 2603 Fratrum
1343 2537 1509 2602 Minorum
1543 2539 1699 2616 London',
1735 2542 1790 2605 ubi
1830 2565 1947 2630 corpus

894 2644 998 2729 ipsius
1021 2649 1071 2707 est
1087 2642 1247 2707 traditum
1271 2641 1459 2728 sepulture,
1475 2663 1532 2706 seu
1556 2643 1598 2706 ad
1621 2665 1748 2709 crucem
1774 2645 1947 2734 Radingiae

894 2767 968 2830 quae
992 2767 1051 2830 pro
1075 2745 1146 2830 ejus
1178 2744 1335 2809 memoria
1367 2748 1476 2809 erecta
1507 2744 1699 2822 dinoscitur,
1724 2747 1764 2811 de
1788 2748 1947 2836 Omnipo-

894 2847 997 2912 tentis
1021 2846 1083 2910 Dei
1115 2846 1227 2911 confisi
1251 2847 1370 2931 gratia,
1393 2852 1428 2910 et
1450 2852 1638 2912 sanctorum
1662 2870 1795 2913 suorum
1819 2852 1947 2917 meritis

894 2950 1083 3024 innitentes,
1122 2949 1345 3033 quadraginta
1375 2948 1445 3012 dies
1473 2948 1513 3012 de
1548 2949 1698 3034 injuncta
1743 2953 1805 3016 sibi
1841 2957 1947 3039 poeni-

894 3052 1001 3116 tentia
1034 3051 1228 3115 relaxamus.
1275 3050 1491 3114 Ratificantes
1526 3051 1743 3118 nihilominus
1777 3056 1858 3120 alias
1897 3059 1947 3122 in-

893 3154 1081 3241 dulgentias
1097 3176 1171 3238 quae
1187 3176 1246 3239 per
1268 3154 1491 3238 suflraganeos
1514 3161 1642 3220 nostros
1663 3179 1719 3221 seu
1736 3180 1948 3247 quoscunque

893 3258 1061 3344 episcopos
1083 3256 1270 3333 catholicos,
1293 3278 1352 3341 pro
1376 3256 1488 3321 eadem
1513 3277 1611 3322 causa
1633 3258 1756 3323 eisdem
1780 3260 1858 3326 locis
1882 3263 1948 3328 dis·

893 3363 1038 3427 cretione
1062 3363 1186 3446 praevia
1201 3368 1281 3426 sunt
1302 3361 1440 3437 collatae,
1456 3382 1538 3446 quas
1561 3361 1784 3449 indulgentias
1800 3365 1865 3430 hiis
1881 3388 1949 3433 cre·

894 3466 1003 3528 dimus
1027 3464 1196 3540 valituras,
1221 3466 1277 3549 qui
1302 3465 1504 3549 exipsorum
1529 3465 1707 3541 occasione,
1729 3488 1790 3531 nec
1812 3480 1949 3535 sumunt

893 3568 1005 3652 tepide
1028 3566 1214 3652 poenitendi
1238 3566 1420 3641 audaciam,
1444 3587 1503 3629 nec
1536 3567 1645 3630 minus
1673 3567 1782 3633 claves
1805 3572 1949 3637 ecclesiae

893 3678 1092 3734 reverentur.
1140 3668 1182 3732 In
1205 3668 1299 3750 cujus
1329 3668 1377 3731 rei
1410 3668 1637 3731 testimonium
1670 3678 1867 3754 praesentem
1890 3696 1948 3759 pa-

893 3773 1005 3858 ginam
1034 3771 1191 3835 duximus
1223 3768 1324 3854 sigilli
1367 3770 1472 3832 nostri
1504 3770 1688 3836 munimine
1722 3774 1948 3843 roborandam.

894 3874 1018 3938 Datum
1053 3871 1141 3956 apud
1175 3870 1359 3945 Mortelak'‚
1384 3871 1479 3934 nonis
1503 3871 1658 3956 Augusti,
1690 3896 1780 3941 anno
1813 3877 1948 3944 Domini

898 3974 1085 4051 dcclxxix„
1110 3973 1366 4040 consecrationis
1389 3979 1512 4039 nostrae
1535 3974 1650 4058 primo

754 4330 852 4460 9ῑῇξέ
1350 4343 1492 4409 xxvu.

725 4484 863 4535 Thema-
1305 4494 1355 4558 To
1380 4495 1532 4563 Ausmu.

725 4551 819 4601 chanls

724 4618 878 4734 ffissffi„
938 4615 1099 4702 Magistro
1123 4620 1288 4696 Anselmo,
1312 4623 1462 4688 salutem.
1509 4625 1679 4692 Nor-*eritis
1703 4632 1792 4715 quod
1826 4655 1947 4701 merca·

722 4757 856 4811 persecute
892 4721 978 4780 tores
995 4718 1144 4783 Luchani
1167 4721 1275 4786 adhuc
1299 4725 1332 4787 in
1357 4746 1417 4788 sua
1440 4728 1622 4810 pertinacia
1637 4737 1753 4797 contra
1769 4756 1828 4811 me,
1846 4758 1950 4821 quan-

723 4813 786 4861 uim.
892 4822 963 4880 tum
979 4820 1012 4883 in
1031 4822 1139 4885 verbis
1163 4831 1310 4909 apparet,
1327 4816 1540 4910 pertinaciter
1556 4843 1777 4916 perseverant,
1794 4840 1949 4921 quamvis

723 4901 785 5016 ἢ
798 4904 876 5017 11ζῶ
889 4924 1089 4986 contrarium
1110 4924 1195 4988 mihi
1230 4933 1303 5010 post
1336 4951 1495 4995 recessum
1521 4940 1668 4999 vestrum
1702 4937 1809 5004 Labre
1840 4942 1949 5029 scrip·
2013 4933 2016 4939 ¹
