5375 6359
897 1068 961 1127 :toti
1138 1075 1310 1125 BPlSTOLli
1332 1075 1511 1123 JOHASNIS
1536 1074 1720 1123 ruerunt.

898 1266 984 1331 relm
1007 1287 1066 1331 seu
1088 1266 1269 1353 petitiones
1291 1264 1328 1329 in
1350 1263 1484 1350 scriptis
1513 1262 1652 1350 praecise
1685 1268 1722 1329 et
1753 1257 1970 1349 peremptorie

898 1369 1109 1454 proposituri.
1141 1376 1177 1433 ot
1207 1373 1374 1454 quatenus
1406 1366 1464 1452 jus
1495 1367 1605 1454 exigit
1634 1366 1827 1453 probaturi,
1853 1365 1881 1429 si
1911 1362 1970 1427 sibi

900 1471 1047 1534 viderint
1069 1470 1247 1556 expedire3
1271 1470 1486 1554 ultraquam
1510 1468 1697 1533 terminum
1721 1469 1792 1533 nisi
1819 1468 1862 1532 de
1888 1468 1969 1552 ipso

900 1595 972 1636 unu
1004 1573 1154 1658 legitimo
1184 1572 1424 1657 impedimento
1454 1572 1655 1649 constiterit,
1688 1570 1888 1635 nullatenus
1915 1590 1969 1633 au-

900 1677 1045 1749 diantur,
1067 1675 1156 1760 quod
1181 1675 1217 1738 in
1240 1676 1313 1760 ipsa
1338 1674 1567 1759 publicatione
1592 1674 1797 1739 denunciari
1820 1672 1970 1737 volumus

901 1787 933 1842 et
958 1777 1176 1854 ruundunrus;
1199 1776 1390 1841 inhibentes
1414 1781 1528 1840 tamen
1551 1797 1612 1841 sau
1637 1774 1788 1839 inhiberi
1814 1774 1969 1840 facientes

901 1879 1032 1965 publice
1050 1881 1084 1942 in
1107 1878 1221 1943 eadem
1245 1879 1308 1942 sub
1330 1899 1433 1965 prena
1455 1877 1816 1943 excommunicationis
1831 1876 1969 1961 majoris,

902 2005 943 2046 ue
966 1982 1042 2066 quis
1065 1981 1167 2046 falsas
1189 1981 1370 2067 petitiones
1392 2002 1451 2045 seu
1475 1980 1627 2066 querelas
1650 1980 1784 2045 faciant
1811 2002 1870 2045 seu
1897 2000 1967 2065 pro-

902 2092 1029 2150 curent.
1052 2082 1108 2146 sul
1143 2104 1199 2147 eas
1230 2083 1401 2148 duntaxat
1433 2104 1516 2168 quas
1552 2104 1649 2147 veras
1684 2089 1720 2147 et
1756 2083 1870 2167 justas
1903 2103 1967 2146 esse

901 2185 1110 2262 credideriut,
1144 2192 1178 2249 ot
1213 2186 1254 2249 tle
1286 2184 1409 2270 quibus
1443 2185 1548 2250 bonas
1579 2190 1616 2249 et
1648 2184 1822 2271 legitimas
1854 2184 1967 2271 proba·

903 2289 1011 2352 tiones
1045 2287 1217 2352 {estimant
1249 2309 1284 2352 se
1316 2286 1448 2352 habere.
1494 2285 1545 2351 De
1578 2288 1634 2352 die
1666 2308 1748 2352 vero
1772 2285 1968 2373 receptionis

904 2391 1126 2475 pausantium,
1148 2397 1181 2453 et
1215 2390 1297 2475 quid
1330 2390 1409 2454 inde
1441 2389 1598 2466 feceritis,
1630 2410 1693 2454 nos
1725 2412 1787 2455 seu
1819 2390 1967 2455 commis·

904 2494 1005 2556 sirius
1028 2499 1157 2556 nostrus
1178 2514 1253 2556 curu
1277 2514 1318 2555 ox
1346 2497 1438 2576 parte
1461 2490 1626 2555 dictorum
1652 2498 1872 2557 executurum
1895 2514 1967 2557 con·

903 2620 984 2681 grue
1009 2595 1138 2658 uerius
1168 2594 1330 2678 requisiti,
1359 2616 1418 2679 per
1440 2593 1554 2658 literas
1578 2598 1709 2659 vestras
1733 2600 1890 2679 patentes
1912 2594 1965 2659 ha·

904 2722 976 2763 rum
1002 2699 1118 2762 sei-iou
1142 2697 1354 2762 continuitas
1377 2696 1536 2760 distincte
1564 2703 1599 2761 et
1621 2704 1737 2782 aperte
1771 2698 1965 2763 certificetis.

904 2803 1028 2866 liutuur
1063 2800 1210 2874 lixouia,
1242 2799 1299 2863 vii.
1331 2798 1397 2863 kal.
1431 2797 1557 2875 Marcii,
1589 2820 1680 2864 anno
1712 2800 1966 2866 consecrationis

903 2913 1025 2968 iustae
1048 2911 1176 2986 qumto.

1173 3064 1245 3072 -ι
1253 3065 1282 3072 -.
1292 3064 1592 3073 --—-—.-----
1600 3066 1706 3074 -.--

1365 3177 1531 3245 CCXLII.

1171 3316 1222 3379 To
1247 3332 1306 3378 rus
1329 3314 1510 3379 Procroas
1534 3330 1577 3380 ar
1600 3315 1714 3381 Roun.

954 3444 1031 3504 suis
1068 3445 1101 3505 iu
1148 3443 1283 3507 Clu-isto
1323 3444 1504 3506 carissimis
1544 3446 1714 3530 magistris
1748 3446 1895 3513 Renerio
1933 3455 1964 3513 et

760 3536 789 3575 ·'''
819 3533 866 3581 ‘³¹'-
906 3544 1057 3629 l‘liilippo
1096 3545 1245 3612 sulutem.
1278 3555 1336 3610 etc.
1401 3545 1576 3609 Processus
1609 3552 1740 3612 nostros
1776 3549 1964 3635 frequenter

905 3647 997 3708 rotis
1035 3648 1216 3714 seribiuurs.
1256 3656 1294 3710 ut.
1337 3651 1364 3711 si
1406 3649 1580 3734 contingat
1618 3671 1672 3713 eos
1711 3651 1753 3715 ad
1780 3652 1961 3717 Romanam

903 3751 1026 3812 curium
1060 3751 1203 3817 «involvi,
1230 3752 1346 3814 seriem
1372 3758 1406 3815 et
1423 3753 1599 3816 veritatem
1624 3775 1749 3828 eorum,
1773 3777 1850 3839 quae
1877 3756 1963 3841 apud

904 3873 962 3912 rios
985 3861 1077 3935 gesta
1110 3861 1197 3922 suut.
1223 3854 1358 3915 ruiuirue
1383 3855 1552 3937 ignoretis,
1579 3860 1613 3917 ct
1649 3855 1696 3919 sic
1725 3856 1806 3921 t'acti
1832 3859 1962 3944 cognita

905 3954 1053 4020 veritate,
1080 3955 1159 4038 quid
1186 3956 1297 4019 ‹leceut
1323 3957 1469 4040 quidque
1495 3980 1554 4041 pro
1586 3956 1682 4021 uobis
1708 3960 1869 4042 expediat
1896 3960 1961 4045 ple-

903 4055 977 4115 nius
1008 4059 1218 4137 coguoseutis.
1265 4056 1349 4120 t'uru
1375 4059 1486 4142 itaque
1511 4081 1617 4144 nuper
1640 4059 1785 4123 fuissent
1815 4062 1859 4125 ad
1890 4084 1960 4125 nos-

904 4167 990 4217 trum
1033 4159 1206 4221 corrsiliuru
1241 4161 1369 4223 evocati
1407 4160 1552 4225 universi
1592 4161 1731 4226 abbates
1767 4169 1801 4227 et
1840 4166 1962 4249 priores

902 4256 1042 4325 electili.
1067 4264 1212 4345 vxuirpti
1249 4269 1279 4325 ot
1315 4284 1380 4325 uon
1415 4264 1570 4348 exeurpti,
1605 4262 1857 4330 Cantuariensis
1889 4288 1962 4352 pro·

903 4359 1028 4423 suvia.
1057 4364 1203 4446 oxerupti
1239 4364 1301 4448 ipsi
1335 4366 1449 4427 sarrire
1482 4366 1524 4428 od
1559 4364 1737 4429 concilium
1764 4368 1818 4431 vel
1847 4391 1960 4454 procu·

901 4467 1024 4519 rutulus
1064 4485 1120 4525 sou
1159 4464 1277 4529 salt-our
1316 4475 1525 4530 excusatores
1560 4489 1619 4552 pro
1652 4491 1686 4532 se
1719 4470 1853 4535 mittere
1887 4494 1961 4536 con-

901 4562 1117 4640 tempserunt.
1143 4590 1217 4631 eum
1236 4576 1346 4632 tarueu
1372 4570 1471 4632 iidem
1495 4571 1531 4632 iu
1564 4571 1702 4635 concilio
1735 4573 1776 4636 dc
1809 4573 1957 4639 Lameth’

899 4654 1023 4720 dudum
1048 4684 1067 4724 a
1092 4665 1226 4732 douriuo
1251 4672 1420 4736 llouitaeio
1436 4673 1529 4737 bonte
1545 4674 1711 4738 memorias
1727 4676 1962 4761 praedecessore

899 4764 1009 4819 nostro
1052 4765 1224 4846 celebrato,
1272 4782 1450 4859 praesentes
1497 4776 1715 4861 personaliter
1760 4780 1959 4846 extitissent.

1165 5000 1171 5029 ¹
1186 5002 1292 5054 I‘riuted
1304 5008 1330 5056 in
1343 5009 1465 5059 Wilkius’
1479 5009 1606 5072 Concilio,
1617 5011 1642 5063 ii.
1655 5017 1696 5062 80.
